item,date,sales,sales_diff,lag_1,lag_2,lag_3,lag_4,lag_5,lag_6,lag_7,lag_8,lag_9,lag_10,lag_11,lag_12,lag_13,lag_14,lag_15,lag_16,lag_17,lag_18,lag_19,lag_20,lag_21,lag_22,lag_23,lag_24,lag_25,lag_26,lag_27,lag_28,lag_29,lag_30,lag_31,lag_32,lag_33,lag_34,lag_35,lag_36,lag_37,lag_38,lag_39,lag_40,lag_41,lag_42,lag_43,lag_44,lag_45,lag_46,lag_47,lag_48,lag_49,lag_50,lag_51,lag_52
7,2014-02,2688,-495.0,597.0,106.0,-105.0,52.0,-819.0,-179.0,-130.0,56.0,151.0,56.0,43.0,-59.0,-12.0,-154.0,22.0,-38.0,-87.0,-220.0,13.0,107.0,-54.0,-215.0,-303.0,-58.0,-79.0,145.0,156.0,38.0,23.0,51.0,105.0,46.0,61.0,19.0,15.0,229.0,-38.0,30.0,-63.0,537.0,147.0,-195.0,29.0,394.0,194.0,-12.0,40.0,9.0,298.0,-142.0,42.0,-259.0
7,2014-03,2714,26.0,-495.0,597.0,106.0,-105.0,52.0,-819.0,-179.0,-130.0,56.0,151.0,56.0,43.0,-59.0,-12.0,-154.0,22.0,-38.0,-87.0,-220.0,13.0,107.0,-54.0,-215.0,-303.0,-58.0,-79.0,145.0,156.0,38.0,23.0,51.0,105.0,46.0,61.0,19.0,15.0,229.0,-38.0,30.0,-63.0,537.0,147.0,-195.0,29.0,394.0,194.0,-12.0,40.0,9.0,298.0,-142.0,42.0
7,2014-04,2762,48.0,26.0,-495.0,597.0,106.0,-105.0,52.0,-819.0,-179.0,-130.0,56.0,151.0,56.0,43.0,-59.0,-12.0,-154.0,22.0,-38.0,-87.0,-220.0,13.0,107.0,-54.0,-215.0,-303.0,-58.0,-79.0,145.0,156.0,38.0,23.0,51.0,105.0,46.0,61.0,19.0,15.0,229.0,-38.0,30.0,-63.0,537.0,147.0,-195.0,29.0,394.0,194.0,-12.0,40.0,9.0,298.0,-142.0
7,2014-05,2809,47.0,48.0,26.0,-495.0,597.0,106.0,-105.0,52.0,-819.0,-179.0,-130.0,56.0,151.0,56.0,43.0,-59.0,-12.0,-154.0,22.0,-38.0,-87.0,-220.0,13.0,107.0,-54.0,-215.0,-303.0,-58.0,-79.0,145.0,156.0,38.0,23.0,51.0,105.0,46.0,61.0,19.0,15.0,229.0,-38.0,30.0,-63.0,537.0,147.0,-195.0,29.0,394.0,194.0,-12.0,40.0,9.0,298.0
7,2014-06,3015,206.0,47.0,48.0,26.0,-495.0,597.0,106.0,-105.0,52.0,-819.0,-179.0,-130.0,56.0,151.0,56.0,43.0,-59.0,-12.0,-154.0,22.0,-38.0,-87.0,-220.0,13.0,107.0,-54.0,-215.0,-303.0,-58.0,-79.0,145.0,156.0,38.0,23.0,51.0,105.0,46.0,61.0,19.0,15.0,229.0,-38.0,30.0,-63.0,537.0,147.0,-195.0,29.0,394.0,194.0,-12.0,40.0,9.0
7,2014-07,2868,-147.0,206.0,47.0,48.0,26.0,-495.0,597.0,106.0,-105.0,52.0,-819.0,-179.0,-130.0,56.0,151.0,56.0,43.0,-59.0,-12.0,-154.0,22.0,-38.0,-87.0,-220.0,13.0,107.0,-54.0,-215.0,-303.0,-58.0,-79.0,145.0,156.0,38.0,23.0,51.0,105.0,46.0,61.0,19.0,15.0,229.0,-38.0,30.0,-63.0,537.0,147.0,-195.0,29.0,394.0,194.0,-12.0,40.0
7,2014-08,2816,-52.0,-147.0,206.0,47.0,48.0,26.0,-495.0,597.0,106.0,-105.0,52.0,-819.0,-179.0,-130.0,56.0,151.0,56.0,43.0,-59.0,-12.0,-154.0,22.0,-38.0,-87.0,-220.0,13.0,107.0,-54.0,-215.0,-303.0,-58.0,-79.0,145.0,156.0,38.0,23.0,51.0,105.0,46.0,61.0,19.0,15.0,229.0,-38.0,30.0,-63.0,537.0,147.0,-195.0,29.0,394.0,194.0,-12.0
7,2014-09,3216,400.0,-52.0,-147.0,206.0,47.0,48.0,26.0,-495.0,597.0,106.0,-105.0,52.0,-819.0,-179.0,-130.0,56.0,151.0,56.0,43.0,-59.0,-12.0,-154.0,22.0,-38.0,-87.0,-220.0,13.0,107.0,-54.0,-215.0,-303.0,-58.0,-79.0,145.0,156.0,38.0,23.0,51.0,105.0,46.0,61.0,19.0,15.0,229.0,-38.0,30.0,-63.0,537.0,147.0,-195.0,29.0,394.0,194.0
7,2014-10,3587,371.0,400.0,-52.0,-147.0,206.0,47.0,48.0,26.0,-495.0,597.0,106.0,-105.0,52.0,-819.0,-179.0,-130.0,56.0,151.0,56.0,43.0,-59.0,-12.0,-154.0,22.0,-38.0,-87.0,-220.0,13.0,107.0,-54.0,-215.0,-303.0,-58.0,-79.0,145.0,156.0,38.0,23.0,51.0,105.0,46.0,61.0,19.0,15.0,229.0,-38.0,30.0,-63.0,537.0,147.0,-195.0,29.0,394.0
7,2014-11,3591,4.0,371.0,400.0,-52.0,-147.0,206.0,47.0,48.0,26.0,-495.0,597.0,106.0,-105.0,52.0,-819.0,-179.0,-130.0,56.0,151.0,56.0,43.0,-59.0,-12.0,-154.0,22.0,-38.0,-87.0,-220.0,13.0,107.0,-54.0,-215.0,-303.0,-58.0,-79.0,145.0,156.0,38.0,23.0,51.0,105.0,46.0,61.0,19.0,15.0,229.0,-38.0,30.0,-63.0,537.0,147.0,-195.0,29.0
7,2014-12,3618,27.0,4.0,371.0,400.0,-52.0,-147.0,206.0,47.0,48.0,26.0,-495.0,597.0,106.0,-105.0,52.0,-819.0,-179.0,-130.0,56.0,151.0,56.0,43.0,-59.0,-12.0,-154.0,22.0,-38.0,-87.0,-220.0,13.0,107.0,-54.0,-215.0,-303.0,-58.0,-79.0,145.0,156.0,38.0,23.0,51.0,105.0,46.0,61.0,19.0,15.0,229.0,-38.0,30.0,-63.0,537.0,147.0,-195.0
7,2014-13,3541,-77.0,27.0,4.0,371.0,400.0,-52.0,-147.0,206.0,47.0,48.0,26.0,-495.0,597.0,106.0,-105.0,52.0,-819.0,-179.0,-130.0,56.0,151.0,56.0,43.0,-59.0,-12.0,-154.0,22.0,-38.0,-87.0,-220.0,13.0,107.0,-54.0,-215.0,-303.0,-58.0,-79.0,145.0,156.0,38.0,23.0,51.0,105.0,46.0,61.0,19.0,15.0,229.0,-38.0,30.0,-63.0,537.0,147.0
7,2014-14,4114,573.0,-77.0,27.0,4.0,371.0,400.0,-52.0,-147.0,206.0,47.0,48.0,26.0,-495.0,597.0,106.0,-105.0,52.0,-819.0,-179.0,-130.0,56.0,151.0,56.0,43.0,-59.0,-12.0,-154.0,22.0,-38.0,-87.0,-220.0,13.0,107.0,-54.0,-215.0,-303.0,-58.0,-79.0,145.0,156.0,38.0,23.0,51.0,105.0,46.0,61.0,19.0,15.0,229.0,-38.0,30.0,-63.0,537.0
7,2014-15,4197,83.0,573.0,-77.0,27.0,4.0,371.0,400.0,-52.0,-147.0,206.0,47.0,48.0,26.0,-495.0,597.0,106.0,-105.0,52.0,-819.0,-179.0,-130.0,56.0,151.0,56.0,43.0,-59.0,-12.0,-154.0,22.0,-38.0,-87.0,-220.0,13.0,107.0,-54.0,-215.0,-303.0,-58.0,-79.0,145.0,156.0,38.0,23.0,51.0,105.0,46.0,61.0,19.0,15.0,229.0,-38.0,30.0,-63.0
7,2014-16,4194,-3.0,83.0,573.0,-77.0,27.0,4.0,371.0,400.0,-52.0,-147.0,206.0,47.0,48.0,26.0,-495.0,597.0,106.0,-105.0,52.0,-819.0,-179.0,-130.0,56.0,151.0,56.0,43.0,-59.0,-12.0,-154.0,22.0,-38.0,-87.0,-220.0,13.0,107.0,-54.0,-215.0,-303.0,-58.0,-79.0,145.0,156.0,38.0,23.0,51.0,105.0,46.0,61.0,19.0,15.0,229.0,-38.0,30.0
7,2014-17,4132,-62.0,-3.0,83.0,573.0,-77.0,27.0,4.0,371.0,400.0,-52.0,-147.0,206.0,47.0,48.0,26.0,-495.0,597.0,106.0,-105.0,52.0,-819.0,-179.0,-130.0,56.0,151.0,56.0,43.0,-59.0,-12.0,-154.0,22.0,-38.0,-87.0,-220.0,13.0,107.0,-54.0,-215.0,-303.0,-58.0,-79.0,145.0,156.0,38.0,23.0,51.0,105.0,46.0,61.0,19.0,15.0,229.0,-38.0
7,2014-18,4377,245.0,-62.0,-3.0,83.0,573.0,-77.0,27.0,4.0,371.0,400.0,-52.0,-147.0,206.0,47.0,48.0,26.0,-495.0,597.0,106.0,-105.0,52.0,-819.0,-179.0,-130.0,56.0,151.0,56.0,43.0,-59.0,-12.0,-154.0,22.0,-38.0,-87.0,-220.0,13.0,107.0,-54.0,-215.0,-303.0,-58.0,-79.0,145.0,156.0,38.0,23.0,51.0,105.0,46.0,61.0,19.0,15.0,229.0
7,2014-19,4365,-12.0,245.0,-62.0,-3.0,83.0,573.0,-77.0,27.0,4.0,371.0,400.0,-52.0,-147.0,206.0,47.0,48.0,26.0,-495.0,597.0,106.0,-105.0,52.0,-819.0,-179.0,-130.0,56.0,151.0,56.0,43.0,-59.0,-12.0,-154.0,22.0,-38.0,-87.0,-220.0,13.0,107.0,-54.0,-215.0,-303.0,-58.0,-79.0,145.0,156.0,38.0,23.0,51.0,105.0,46.0,61.0,19.0,15.0
7,2014-20,4368,3.0,-12.0,245.0,-62.0,-3.0,83.0,573.0,-77.0,27.0,4.0,371.0,400.0,-52.0,-147.0,206.0,47.0,48.0,26.0,-495.0,597.0,106.0,-105.0,52.0,-819.0,-179.0,-130.0,56.0,151.0,56.0,43.0,-59.0,-12.0,-154.0,22.0,-38.0,-87.0,-220.0,13.0,107.0,-54.0,-215.0,-303.0,-58.0,-79.0,145.0,156.0,38.0,23.0,51.0,105.0,46.0,61.0,19.0
7,2014-21,4427,59.0,3.0,-12.0,245.0,-62.0,-3.0,83.0,573.0,-77.0,27.0,4.0,371.0,400.0,-52.0,-147.0,206.0,47.0,48.0,26.0,-495.0,597.0,106.0,-105.0,52.0,-819.0,-179.0,-130.0,56.0,151.0,56.0,43.0,-59.0,-12.0,-154.0,22.0,-38.0,-87.0,-220.0,13.0,107.0,-54.0,-215.0,-303.0,-58.0,-79.0,145.0,156.0,38.0,23.0,51.0,105.0,46.0,61.0
7,2014-22,4484,57.0,59.0,3.0,-12.0,245.0,-62.0,-3.0,83.0,573.0,-77.0,27.0,4.0,371.0,400.0,-52.0,-147.0,206.0,47.0,48.0,26.0,-495.0,597.0,106.0,-105.0,52.0,-819.0,-179.0,-130.0,56.0,151.0,56.0,43.0,-59.0,-12.0,-154.0,22.0,-38.0,-87.0,-220.0,13.0,107.0,-54.0,-215.0,-303.0,-58.0,-79.0,145.0,156.0,38.0,23.0,51.0,105.0,46.0
7,2014-23,4731,247.0,57.0,59.0,3.0,-12.0,245.0,-62.0,-3.0,83.0,573.0,-77.0,27.0,4.0,371.0,400.0,-52.0,-147.0,206.0,47.0,48.0,26.0,-495.0,597.0,106.0,-105.0,52.0,-819.0,-179.0,-130.0,56.0,151.0,56.0,43.0,-59.0,-12.0,-154.0,22.0,-38.0,-87.0,-220.0,13.0,107.0,-54.0,-215.0,-303.0,-58.0,-79.0,145.0,156.0,38.0,23.0,51.0,105.0
7,2014-24,4676,-55.0,247.0,57.0,59.0,3.0,-12.0,245.0,-62.0,-3.0,83.0,573.0,-77.0,27.0,4.0,371.0,400.0,-52.0,-147.0,206.0,47.0,48.0,26.0,-495.0,597.0,106.0,-105.0,52.0,-819.0,-179.0,-130.0,56.0,151.0,56.0,43.0,-59.0,-12.0,-154.0,22.0,-38.0,-87.0,-220.0,13.0,107.0,-54.0,-215.0,-303.0,-58.0,-79.0,145.0,156.0,38.0,23.0,51.0
7,2014-25,4838,162.0,-55.0,247.0,57.0,59.0,3.0,-12.0,245.0,-62.0,-3.0,83.0,573.0,-77.0,27.0,4.0,371.0,400.0,-52.0,-147.0,206.0,47.0,48.0,26.0,-495.0,597.0,106.0,-105.0,52.0,-819.0,-179.0,-130.0,56.0,151.0,56.0,43.0,-59.0,-12.0,-154.0,22.0,-38.0,-87.0,-220.0,13.0,107.0,-54.0,-215.0,-303.0,-58.0,-79.0,145.0,156.0,38.0,23.0
7,2014-26,4718,-120.0,162.0,-55.0,247.0,57.0,59.0,3.0,-12.0,245.0,-62.0,-3.0,83.0,573.0,-77.0,27.0,4.0,371.0,400.0,-52.0,-147.0,206.0,47.0,48.0,26.0,-495.0,597.0,106.0,-105.0,52.0,-819.0,-179.0,-130.0,56.0,151.0,56.0,43.0,-59.0,-12.0,-154.0,22.0,-38.0,-87.0,-220.0,13.0,107.0,-54.0,-215.0,-303.0,-58.0,-79.0,145.0,156.0,38.0
7,2014-27,4894,176.0,-120.0,162.0,-55.0,247.0,57.0,59.0,3.0,-12.0,245.0,-62.0,-3.0,83.0,573.0,-77.0,27.0,4.0,371.0,400.0,-52.0,-147.0,206.0,47.0,48.0,26.0,-495.0,597.0,106.0,-105.0,52.0,-819.0,-179.0,-130.0,56.0,151.0,56.0,43.0,-59.0,-12.0,-154.0,22.0,-38.0,-87.0,-220.0,13.0,107.0,-54.0,-215.0,-303.0,-58.0,-79.0,145.0,156.0
7,2014-28,4942,48.0,176.0,-120.0,162.0,-55.0,247.0,57.0,59.0,3.0,-12.0,245.0,-62.0,-3.0,83.0,573.0,-77.0,27.0,4.0,371.0,400.0,-52.0,-147.0,206.0,47.0,48.0,26.0,-495.0,597.0,106.0,-105.0,52.0,-819.0,-179.0,-130.0,56.0,151.0,56.0,43.0,-59.0,-12.0,-154.0,22.0,-38.0,-87.0,-220.0,13.0,107.0,-54.0,-215.0,-303.0,-58.0,-79.0,145.0
7,2014-29,4946,4.0,48.0,176.0,-120.0,162.0,-55.0,247.0,57.0,59.0,3.0,-12.0,245.0,-62.0,-3.0,83.0,573.0,-77.0,27.0,4.0,371.0,400.0,-52.0,-147.0,206.0,47.0,48.0,26.0,-495.0,597.0,106.0,-105.0,52.0,-819.0,-179.0,-130.0,56.0,151.0,56.0,43.0,-59.0,-12.0,-154.0,22.0,-38.0,-87.0,-220.0,13.0,107.0,-54.0,-215.0,-303.0,-58.0,-79.0
7,2014-30,5089,143.0,4.0,48.0,176.0,-120.0,162.0,-55.0,247.0,57.0,59.0,3.0,-12.0,245.0,-62.0,-3.0,83.0,573.0,-77.0,27.0,4.0,371.0,400.0,-52.0,-147.0,206.0,47.0,48.0,26.0,-495.0,597.0,106.0,-105.0,52.0,-819.0,-179.0,-130.0,56.0,151.0,56.0,43.0,-59.0,-12.0,-154.0,22.0,-38.0,-87.0,-220.0,13.0,107.0,-54.0,-215.0,-303.0,-58.0
7,2014-31,4680,-409.0,143.0,4.0,48.0,176.0,-120.0,162.0,-55.0,247.0,57.0,59.0,3.0,-12.0,245.0,-62.0,-3.0,83.0,573.0,-77.0,27.0,4.0,371.0,400.0,-52.0,-147.0,206.0,47.0,48.0,26.0,-495.0,597.0,106.0,-105.0,52.0,-819.0,-179.0,-130.0,56.0,151.0,56.0,43.0,-59.0,-12.0,-154.0,22.0,-38.0,-87.0,-220.0,13.0,107.0,-54.0,-215.0,-303.0
7,2014-32,4521,-159.0,-409.0,143.0,4.0,48.0,176.0,-120.0,162.0,-55.0,247.0,57.0,59.0,3.0,-12.0,245.0,-62.0,-3.0,83.0,573.0,-77.0,27.0,4.0,371.0,400.0,-52.0,-147.0,206.0,47.0,48.0,26.0,-495.0,597.0,106.0,-105.0,52.0,-819.0,-179.0,-130.0,56.0,151.0,56.0,43.0,-59.0,-12.0,-154.0,22.0,-38.0,-87.0,-220.0,13.0,107.0,-54.0,-215.0
7,2014-33,4339,-182.0,-159.0,-409.0,143.0,4.0,48.0,176.0,-120.0,162.0,-55.0,247.0,57.0,59.0,3.0,-12.0,245.0,-62.0,-3.0,83.0,573.0,-77.0,27.0,4.0,371.0,400.0,-52.0,-147.0,206.0,47.0,48.0,26.0,-495.0,597.0,106.0,-105.0,52.0,-819.0,-179.0,-130.0,56.0,151.0,56.0,43.0,-59.0,-12.0,-154.0,22.0,-38.0,-87.0,-220.0,13.0,107.0,-54.0
7,2014-34,4481,142.0,-182.0,-159.0,-409.0,143.0,4.0,48.0,176.0,-120.0,162.0,-55.0,247.0,57.0,59.0,3.0,-12.0,245.0,-62.0,-3.0,83.0,573.0,-77.0,27.0,4.0,371.0,400.0,-52.0,-147.0,206.0,47.0,48.0,26.0,-495.0,597.0,106.0,-105.0,52.0,-819.0,-179.0,-130.0,56.0,151.0,56.0,43.0,-59.0,-12.0,-154.0,22.0,-38.0,-87.0,-220.0,13.0,107.0
7,2014-35,4416,-65.0,142.0,-182.0,-159.0,-409.0,143.0,4.0,48.0,176.0,-120.0,162.0,-55.0,247.0,57.0,59.0,3.0,-12.0,245.0,-62.0,-3.0,83.0,573.0,-77.0,27.0,4.0,371.0,400.0,-52.0,-147.0,206.0,47.0,48.0,26.0,-495.0,597.0,106.0,-105.0,52.0,-819.0,-179.0,-130.0,56.0,151.0,56.0,43.0,-59.0,-12.0,-154.0,22.0,-38.0,-87.0,-220.0,13.0
7,2014-36,4129,-287.0,-65.0,142.0,-182.0,-159.0,-409.0,143.0,4.0,48.0,176.0,-120.0,162.0,-55.0,247.0,57.0,59.0,3.0,-12.0,245.0,-62.0,-3.0,83.0,573.0,-77.0,27.0,4.0,371.0,400.0,-52.0,-147.0,206.0,47.0,48.0,26.0,-495.0,597.0,106.0,-105.0,52.0,-819.0,-179.0,-130.0,56.0,151.0,56.0,43.0,-59.0,-12.0,-154.0,22.0,-38.0,-87.0,-220.0
7,2014-37,4021,-108.0,-287.0,-65.0,142.0,-182.0,-159.0,-409.0,143.0,4.0,48.0,176.0,-120.0,162.0,-55.0,247.0,57.0,59.0,3.0,-12.0,245.0,-62.0,-3.0,83.0,573.0,-77.0,27.0,4.0,371.0,400.0,-52.0,-147.0,206.0,47.0,48.0,26.0,-495.0,597.0,106.0,-105.0,52.0,-819.0,-179.0,-130.0,56.0,151.0,56.0,43.0,-59.0,-12.0,-154.0,22.0,-38.0,-87.0
7,2014-38,4196,175.0,-108.0,-287.0,-65.0,142.0,-182.0,-159.0,-409.0,143.0,4.0,48.0,176.0,-120.0,162.0,-55.0,247.0,57.0,59.0,3.0,-12.0,245.0,-62.0,-3.0,83.0,573.0,-77.0,27.0,4.0,371.0,400.0,-52.0,-147.0,206.0,47.0,48.0,26.0,-495.0,597.0,106.0,-105.0,52.0,-819.0,-179.0,-130.0,56.0,151.0,56.0,43.0,-59.0,-12.0,-154.0,22.0,-38.0
7,2014-39,4105,-91.0,175.0,-108.0,-287.0,-65.0,142.0,-182.0,-159.0,-409.0,143.0,4.0,48.0,176.0,-120.0,162.0,-55.0,247.0,57.0,59.0,3.0,-12.0,245.0,-62.0,-3.0,83.0,573.0,-77.0,27.0,4.0,371.0,400.0,-52.0,-147.0,206.0,47.0,48.0,26.0,-495.0,597.0,106.0,-105.0,52.0,-819.0,-179.0,-130.0,56.0,151.0,56.0,43.0,-59.0,-12.0,-154.0,22.0
7,2014-40,4024,-81.0,-91.0,175.0,-108.0,-287.0,-65.0,142.0,-182.0,-159.0,-409.0,143.0,4.0,48.0,176.0,-120.0,162.0,-55.0,247.0,57.0,59.0,3.0,-12.0,245.0,-62.0,-3.0,83.0,573.0,-77.0,27.0,4.0,371.0,400.0,-52.0,-147.0,206.0,47.0,48.0,26.0,-495.0,597.0,106.0,-105.0,52.0,-819.0,-179.0,-130.0,56.0,151.0,56.0,43.0,-59.0,-12.0,-154.0
7,2014-41,3745,-279.0,-81.0,-91.0,175.0,-108.0,-287.0,-65.0,142.0,-182.0,-159.0,-409.0,143.0,4.0,48.0,176.0,-120.0,162.0,-55.0,247.0,57.0,59.0,3.0,-12.0,245.0,-62.0,-3.0,83.0,573.0,-77.0,27.0,4.0,371.0,400.0,-52.0,-147.0,206.0,47.0,48.0,26.0,-495.0,597.0,106.0,-105.0,52.0,-819.0,-179.0,-130.0,56.0,151.0,56.0,43.0,-59.0,-12.0
7,2014-42,3666,-79.0,-279.0,-81.0,-91.0,175.0,-108.0,-287.0,-65.0,142.0,-182.0,-159.0,-409.0,143.0,4.0,48.0,176.0,-120.0,162.0,-55.0,247.0,57.0,59.0,3.0,-12.0,245.0,-62.0,-3.0,83.0,573.0,-77.0,27.0,4.0,371.0,400.0,-52.0,-147.0,206.0,47.0,48.0,26.0,-495.0,597.0,106.0,-105.0,52.0,-819.0,-179.0,-130.0,56.0,151.0,56.0,43.0,-59.0
7,2014-43,3959,293.0,-79.0,-279.0,-81.0,-91.0,175.0,-108.0,-287.0,-65.0,142.0,-182.0,-159.0,-409.0,143.0,4.0,48.0,176.0,-120.0,162.0,-55.0,247.0,57.0,59.0,3.0,-12.0,245.0,-62.0,-3.0,83.0,573.0,-77.0,27.0,4.0,371.0,400.0,-52.0,-147.0,206.0,47.0,48.0,26.0,-495.0,597.0,106.0,-105.0,52.0,-819.0,-179.0,-130.0,56.0,151.0,56.0,43.0
7,2014-44,3923,-36.0,293.0,-79.0,-279.0,-81.0,-91.0,175.0,-108.0,-287.0,-65.0,142.0,-182.0,-159.0,-409.0,143.0,4.0,48.0,176.0,-120.0,162.0,-55.0,247.0,57.0,59.0,3.0,-12.0,245.0,-62.0,-3.0,83.0,573.0,-77.0,27.0,4.0,371.0,400.0,-52.0,-147.0,206.0,47.0,48.0,26.0,-495.0,597.0,106.0,-105.0,52.0,-819.0,-179.0,-130.0,56.0,151.0,56.0
7,2014-45,4037,114.0,-36.0,293.0,-79.0,-279.0,-81.0,-91.0,175.0,-108.0,-287.0,-65.0,142.0,-182.0,-159.0,-409.0,143.0,4.0,48.0,176.0,-120.0,162.0,-55.0,247.0,57.0,59.0,3.0,-12.0,245.0,-62.0,-3.0,83.0,573.0,-77.0,27.0,4.0,371.0,400.0,-52.0,-147.0,206.0,47.0,48.0,26.0,-495.0,597.0,106.0,-105.0,52.0,-819.0,-179.0,-130.0,56.0,151.0
7,2014-46,4091,54.0,114.0,-36.0,293.0,-79.0,-279.0,-81.0,-91.0,175.0,-108.0,-287.0,-65.0,142.0,-182.0,-159.0,-409.0,143.0,4.0,48.0,176.0,-120.0,162.0,-55.0,247.0,57.0,59.0,3.0,-12.0,245.0,-62.0,-3.0,83.0,573.0,-77.0,27.0,4.0,371.0,400.0,-52.0,-147.0,206.0,47.0,48.0,26.0,-495.0,597.0,106.0,-105.0,52.0,-819.0,-179.0,-130.0,56.0
7,2014-47,4153,62.0,54.0,114.0,-36.0,293.0,-79.0,-279.0,-81.0,-91.0,175.0,-108.0,-287.0,-65.0,142.0,-182.0,-159.0,-409.0,143.0,4.0,48.0,176.0,-120.0,162.0,-55.0,247.0,57.0,59.0,3.0,-12.0,245.0,-62.0,-3.0,83.0,573.0,-77.0,27.0,4.0,371.0,400.0,-52.0,-147.0,206.0,47.0,48.0,26.0,-495.0,597.0,106.0,-105.0,52.0,-819.0,-179.0,-130.0
7,2014-48,4140,-13.0,62.0,54.0,114.0,-36.0,293.0,-79.0,-279.0,-81.0,-91.0,175.0,-108.0,-287.0,-65.0,142.0,-182.0,-159.0,-409.0,143.0,4.0,48.0,176.0,-120.0,162.0,-55.0,247.0,57.0,59.0,3.0,-12.0,245.0,-62.0,-3.0,83.0,573.0,-77.0,27.0,4.0,371.0,400.0,-52.0,-147.0,206.0,47.0,48.0,26.0,-495.0,597.0,106.0,-105.0,52.0,-819.0,-179.0
7,2014-49,2918,-1222.0,-13.0,62.0,54.0,114.0,-36.0,293.0,-79.0,-279.0,-81.0,-91.0,175.0,-108.0,-287.0,-65.0,142.0,-182.0,-159.0,-409.0,143.0,4.0,48.0,176.0,-120.0,162.0,-55.0,247.0,57.0,59.0,3.0,-12.0,245.0,-62.0,-3.0,83.0,573.0,-77.0,27.0,4.0,371.0,400.0,-52.0,-147.0,206.0,47.0,48.0,26.0,-495.0,597.0,106.0,-105.0,52.0,-819.0
7,2014-50,2959,41.0,-1222.0,-13.0,62.0,54.0,114.0,-36.0,293.0,-79.0,-279.0,-81.0,-91.0,175.0,-108.0,-287.0,-65.0,142.0,-182.0,-159.0,-409.0,143.0,4.0,48.0,176.0,-120.0,162.0,-55.0,247.0,57.0,59.0,3.0,-12.0,245.0,-62.0,-3.0,83.0,573.0,-77.0,27.0,4.0,371.0,400.0,-52.0,-147.0,206.0,47.0,48.0,26.0,-495.0,597.0,106.0,-105.0,52.0
7,2014-51,2966,7.0,41.0,-1222.0,-13.0,62.0,54.0,114.0,-36.0,293.0,-79.0,-279.0,-81.0,-91.0,175.0,-108.0,-287.0,-65.0,142.0,-182.0,-159.0,-409.0,143.0,4.0,48.0,176.0,-120.0,162.0,-55.0,247.0,57.0,59.0,3.0,-12.0,245.0,-62.0,-3.0,83.0,573.0,-77.0,27.0,4.0,371.0,400.0,-52.0,-147.0,206.0,47.0,48.0,26.0,-495.0,597.0,106.0,-105.0
7,2014-52,3013,47.0,7.0,41.0,-1222.0,-13.0,62.0,54.0,114.0,-36.0,293.0,-79.0,-279.0,-81.0,-91.0,175.0,-108.0,-287.0,-65.0,142.0,-182.0,-159.0,-409.0,143.0,4.0,48.0,176.0,-120.0,162.0,-55.0,247.0,57.0,59.0,3.0,-12.0,245.0,-62.0,-3.0,83.0,573.0,-77.0,27.0,4.0,371.0,400.0,-52.0,-147.0,206.0,47.0,48.0,26.0,-495.0,597.0,106.0
7,2015-01,1726,-1287.0,47.0,7.0,41.0,-1222.0,-13.0,62.0,54.0,114.0,-36.0,293.0,-79.0,-279.0,-81.0,-91.0,175.0,-108.0,-287.0,-65.0,142.0,-182.0,-159.0,-409.0,143.0,4.0,48.0,176.0,-120.0,162.0,-55.0,247.0,57.0,59.0,3.0,-12.0,245.0,-62.0,-3.0,83.0,573.0,-77.0,27.0,4.0,371.0,400.0,-52.0,-147.0,206.0,47.0,48.0,26.0,-495.0,597.0
7,2015-02,2805,1079.0,-1287.0,47.0,7.0,41.0,-1222.0,-13.0,62.0,54.0,114.0,-36.0,293.0,-79.0,-279.0,-81.0,-91.0,175.0,-108.0,-287.0,-65.0,142.0,-182.0,-159.0,-409.0,143.0,4.0,48.0,176.0,-120.0,162.0,-55.0,247.0,57.0,59.0,3.0,-12.0,245.0,-62.0,-3.0,83.0,573.0,-77.0,27.0,4.0,371.0,400.0,-52.0,-147.0,206.0,47.0,48.0,26.0,-495.0
7,2015-03,2737,-68.0,1079.0,-1287.0,47.0,7.0,41.0,-1222.0,-13.0,62.0,54.0,114.0,-36.0,293.0,-79.0,-279.0,-81.0,-91.0,175.0,-108.0,-287.0,-65.0,142.0,-182.0,-159.0,-409.0,143.0,4.0,48.0,176.0,-120.0,162.0,-55.0,247.0,57.0,59.0,3.0,-12.0,245.0,-62.0,-3.0,83.0,573.0,-77.0,27.0,4.0,371.0,400.0,-52.0,-147.0,206.0,47.0,48.0,26.0
7,2015-04,2704,-33.0,-68.0,1079.0,-1287.0,47.0,7.0,41.0,-1222.0,-13.0,62.0,54.0,114.0,-36.0,293.0,-79.0,-279.0,-81.0,-91.0,175.0,-108.0,-287.0,-65.0,142.0,-182.0,-159.0,-409.0,143.0,4.0,48.0,176.0,-120.0,162.0,-55.0,247.0,57.0,59.0,3.0,-12.0,245.0,-62.0,-3.0,83.0,573.0,-77.0,27.0,4.0,371.0,400.0,-52.0,-147.0,206.0,47.0,48.0
7,2015-05,2757,53.0,-33.0,-68.0,1079.0,-1287.0,47.0,7.0,41.0,-1222.0,-13.0,62.0,54.0,114.0,-36.0,293.0,-79.0,-279.0,-81.0,-91.0,175.0,-108.0,-287.0,-65.0,142.0,-182.0,-159.0,-409.0,143.0,4.0,48.0,176.0,-120.0,162.0,-55.0,247.0,57.0,59.0,3.0,-12.0,245.0,-62.0,-3.0,83.0,573.0,-77.0,27.0,4.0,371.0,400.0,-52.0,-147.0,206.0,47.0
7,2015-06,3112,355.0,53.0,-33.0,-68.0,1079.0,-1287.0,47.0,7.0,41.0,-1222.0,-13.0,62.0,54.0,114.0,-36.0,293.0,-79.0,-279.0,-81.0,-91.0,175.0,-108.0,-287.0,-65.0,142.0,-182.0,-159.0,-409.0,143.0,4.0,48.0,176.0,-120.0,162.0,-55.0,247.0,57.0,59.0,3.0,-12.0,245.0,-62.0,-3.0,83.0,573.0,-77.0,27.0,4.0,371.0,400.0,-52.0,-147.0,206.0
7,2015-07,3106,-6.0,355.0,53.0,-33.0,-68.0,1079.0,-1287.0,47.0,7.0,41.0,-1222.0,-13.0,62.0,54.0,114.0,-36.0,293.0,-79.0,-279.0,-81.0,-91.0,175.0,-108.0,-287.0,-65.0,142.0,-182.0,-159.0,-409.0,143.0,4.0,48.0,176.0,-120.0,162.0,-55.0,247.0,57.0,59.0,3.0,-12.0,245.0,-62.0,-3.0,83.0,573.0,-77.0,27.0,4.0,371.0,400.0,-52.0,-147.0
7,2015-08,3090,-16.0,-6.0,355.0,53.0,-33.0,-68.0,1079.0,-1287.0,47.0,7.0,41.0,-1222.0,-13.0,62.0,54.0,114.0,-36.0,293.0,-79.0,-279.0,-81.0,-91.0,175.0,-108.0,-287.0,-65.0,142.0,-182.0,-159.0,-409.0,143.0,4.0,48.0,176.0,-120.0,162.0,-55.0,247.0,57.0,59.0,3.0,-12.0,245.0,-62.0,-3.0,83.0,573.0,-77.0,27.0,4.0,371.0,400.0,-52.0
7,2015-09,3224,134.0,-16.0,-6.0,355.0,53.0,-33.0,-68.0,1079.0,-1287.0,47.0,7.0,41.0,-1222.0,-13.0,62.0,54.0,114.0,-36.0,293.0,-79.0,-279.0,-81.0,-91.0,175.0,-108.0,-287.0,-65.0,142.0,-182.0,-159.0,-409.0,143.0,4.0,48.0,176.0,-120.0,162.0,-55.0,247.0,57.0,59.0,3.0,-12.0,245.0,-62.0,-3.0,83.0,573.0,-77.0,27.0,4.0,371.0,400.0
7,2015-10,3741,517.0,134.0,-16.0,-6.0,355.0,53.0,-33.0,-68.0,1079.0,-1287.0,47.0,7.0,41.0,-1222.0,-13.0,62.0,54.0,114.0,-36.0,293.0,-79.0,-279.0,-81.0,-91.0,175.0,-108.0,-287.0,-65.0,142.0,-182.0,-159.0,-409.0,143.0,4.0,48.0,176.0,-120.0,162.0,-55.0,247.0,57.0,59.0,3.0,-12.0,245.0,-62.0,-3.0,83.0,573.0,-77.0,27.0,4.0,371.0
7,2015-11,3754,13.0,517.0,134.0,-16.0,-6.0,355.0,53.0,-33.0,-68.0,1079.0,-1287.0,47.0,7.0,41.0,-1222.0,-13.0,62.0,54.0,114.0,-36.0,293.0,-79.0,-279.0,-81.0,-91.0,175.0,-108.0,-287.0,-65.0,142.0,-182.0,-159.0,-409.0,143.0,4.0,48.0,176.0,-120.0,162.0,-55.0,247.0,57.0,59.0,3.0,-12.0,245.0,-62.0,-3.0,83.0,573.0,-77.0,27.0,4.0
7,2015-12,3764,10.0,13.0,517.0,134.0,-16.0,-6.0,355.0,53.0,-33.0,-68.0,1079.0,-1287.0,47.0,7.0,41.0,-1222.0,-13.0,62.0,54.0,114.0,-36.0,293.0,-79.0,-279.0,-81.0,-91.0,175.0,-108.0,-287.0,-65.0,142.0,-182.0,-159.0,-409.0,143.0,4.0,48.0,176.0,-120.0,162.0,-55.0,247.0,57.0,59.0,3.0,-12.0,245.0,-62.0,-3.0,83.0,573.0,-77.0,27.0
7,2015-13,3679,-85.0,10.0,13.0,517.0,134.0,-16.0,-6.0,355.0,53.0,-33.0,-68.0,1079.0,-1287.0,47.0,7.0,41.0,-1222.0,-13.0,62.0,54.0,114.0,-36.0,293.0,-79.0,-279.0,-81.0,-91.0,175.0,-108.0,-287.0,-65.0,142.0,-182.0,-159.0,-409.0,143.0,4.0,48.0,176.0,-120.0,162.0,-55.0,247.0,57.0,59.0,3.0,-12.0,245.0,-62.0,-3.0,83.0,573.0,-77.0
7,2015-14,4176,497.0,-85.0,10.0,13.0,517.0,134.0,-16.0,-6.0,355.0,53.0,-33.0,-68.0,1079.0,-1287.0,47.0,7.0,41.0,-1222.0,-13.0,62.0,54.0,114.0,-36.0,293.0,-79.0,-279.0,-81.0,-91.0,175.0,-108.0,-287.0,-65.0,142.0,-182.0,-159.0,-409.0,143.0,4.0,48.0,176.0,-120.0,162.0,-55.0,247.0,57.0,59.0,3.0,-12.0,245.0,-62.0,-3.0,83.0,573.0
7,2015-15,4400,224.0,497.0,-85.0,10.0,13.0,517.0,134.0,-16.0,-6.0,355.0,53.0,-33.0,-68.0,1079.0,-1287.0,47.0,7.0,41.0,-1222.0,-13.0,62.0,54.0,114.0,-36.0,293.0,-79.0,-279.0,-81.0,-91.0,175.0,-108.0,-287.0,-65.0,142.0,-182.0,-159.0,-409.0,143.0,4.0,48.0,176.0,-120.0,162.0,-55.0,247.0,57.0,59.0,3.0,-12.0,245.0,-62.0,-3.0,83.0
7,2015-16,4315,-85.0,224.0,497.0,-85.0,10.0,13.0,517.0,134.0,-16.0,-6.0,355.0,53.0,-33.0,-68.0,1079.0,-1287.0,47.0,7.0,41.0,-1222.0,-13.0,62.0,54.0,114.0,-36.0,293.0,-79.0,-279.0,-81.0,-91.0,175.0,-108.0,-287.0,-65.0,142.0,-182.0,-159.0,-409.0,143.0,4.0,48.0,176.0,-120.0,162.0,-55.0,247.0,57.0,59.0,3.0,-12.0,245.0,-62.0,-3.0
7,2015-17,4334,19.0,-85.0,224.0,497.0,-85.0,10.0,13.0,517.0,134.0,-16.0,-6.0,355.0,53.0,-33.0,-68.0,1079.0,-1287.0,47.0,7.0,41.0,-1222.0,-13.0,62.0,54.0,114.0,-36.0,293.0,-79.0,-279.0,-81.0,-91.0,175.0,-108.0,-287.0,-65.0,142.0,-182.0,-159.0,-409.0,143.0,4.0,48.0,176.0,-120.0,162.0,-55.0,247.0,57.0,59.0,3.0,-12.0,245.0,-62.0
7,2015-18,4384,50.0,19.0,-85.0,224.0,497.0,-85.0,10.0,13.0,517.0,134.0,-16.0,-6.0,355.0,53.0,-33.0,-68.0,1079.0,-1287.0,47.0,7.0,41.0,-1222.0,-13.0,62.0,54.0,114.0,-36.0,293.0,-79.0,-279.0,-81.0,-91.0,175.0,-108.0,-287.0,-65.0,142.0,-182.0,-159.0,-409.0,143.0,4.0,48.0,176.0,-120.0,162.0,-55.0,247.0,57.0,59.0,3.0,-12.0,245.0
7,2015-19,4645,261.0,50.0,19.0,-85.0,224.0,497.0,-85.0,10.0,13.0,517.0,134.0,-16.0,-6.0,355.0,53.0,-33.0,-68.0,1079.0,-1287.0,47.0,7.0,41.0,-1222.0,-13.0,62.0,54.0,114.0,-36.0,293.0,-79.0,-279.0,-81.0,-91.0,175.0,-108.0,-287.0,-65.0,142.0,-182.0,-159.0,-409.0,143.0,4.0,48.0,176.0,-120.0,162.0,-55.0,247.0,57.0,59.0,3.0,-12.0
7,2015-20,4613,-32.0,261.0,50.0,19.0,-85.0,224.0,497.0,-85.0,10.0,13.0,517.0,134.0,-16.0,-6.0,355.0,53.0,-33.0,-68.0,1079.0,-1287.0,47.0,7.0,41.0,-1222.0,-13.0,62.0,54.0,114.0,-36.0,293.0,-79.0,-279.0,-81.0,-91.0,175.0,-108.0,-287.0,-65.0,142.0,-182.0,-159.0,-409.0,143.0,4.0,48.0,176.0,-120.0,162.0,-55.0,247.0,57.0,59.0,3.0
7,2015-21,4643,30.0,-32.0,261.0,50.0,19.0,-85.0,224.0,497.0,-85.0,10.0,13.0,517.0,134.0,-16.0,-6.0,355.0,53.0,-33.0,-68.0,1079.0,-1287.0,47.0,7.0,41.0,-1222.0,-13.0,62.0,54.0,114.0,-36.0,293.0,-79.0,-279.0,-81.0,-91.0,175.0,-108.0,-287.0,-65.0,142.0,-182.0,-159.0,-409.0,143.0,4.0,48.0,176.0,-120.0,162.0,-55.0,247.0,57.0,59.0
7,2015-22,4644,1.0,30.0,-32.0,261.0,50.0,19.0,-85.0,224.0,497.0,-85.0,10.0,13.0,517.0,134.0,-16.0,-6.0,355.0,53.0,-33.0,-68.0,1079.0,-1287.0,47.0,7.0,41.0,-1222.0,-13.0,62.0,54.0,114.0,-36.0,293.0,-79.0,-279.0,-81.0,-91.0,175.0,-108.0,-287.0,-65.0,142.0,-182.0,-159.0,-409.0,143.0,4.0,48.0,176.0,-120.0,162.0,-55.0,247.0,57.0
7,2015-23,4909,265.0,1.0,30.0,-32.0,261.0,50.0,19.0,-85.0,224.0,497.0,-85.0,10.0,13.0,517.0,134.0,-16.0,-6.0,355.0,53.0,-33.0,-68.0,1079.0,-1287.0,47.0,7.0,41.0,-1222.0,-13.0,62.0,54.0,114.0,-36.0,293.0,-79.0,-279.0,-81.0,-91.0,175.0,-108.0,-287.0,-65.0,142.0,-182.0,-159.0,-409.0,143.0,4.0,48.0,176.0,-120.0,162.0,-55.0,247.0
7,2015-24,4988,79.0,265.0,1.0,30.0,-32.0,261.0,50.0,19.0,-85.0,224.0,497.0,-85.0,10.0,13.0,517.0,134.0,-16.0,-6.0,355.0,53.0,-33.0,-68.0,1079.0,-1287.0,47.0,7.0,41.0,-1222.0,-13.0,62.0,54.0,114.0,-36.0,293.0,-79.0,-279.0,-81.0,-91.0,175.0,-108.0,-287.0,-65.0,142.0,-182.0,-159.0,-409.0,143.0,4.0,48.0,176.0,-120.0,162.0,-55.0
7,2015-25,5018,30.0,79.0,265.0,1.0,30.0,-32.0,261.0,50.0,19.0,-85.0,224.0,497.0,-85.0,10.0,13.0,517.0,134.0,-16.0,-6.0,355.0,53.0,-33.0,-68.0,1079.0,-1287.0,47.0,7.0,41.0,-1222.0,-13.0,62.0,54.0,114.0,-36.0,293.0,-79.0,-279.0,-81.0,-91.0,175.0,-108.0,-287.0,-65.0,142.0,-182.0,-159.0,-409.0,143.0,4.0,48.0,176.0,-120.0,162.0
7,2015-26,4961,-57.0,30.0,79.0,265.0,1.0,30.0,-32.0,261.0,50.0,19.0,-85.0,224.0,497.0,-85.0,10.0,13.0,517.0,134.0,-16.0,-6.0,355.0,53.0,-33.0,-68.0,1079.0,-1287.0,47.0,7.0,41.0,-1222.0,-13.0,62.0,54.0,114.0,-36.0,293.0,-79.0,-279.0,-81.0,-91.0,175.0,-108.0,-287.0,-65.0,142.0,-182.0,-159.0,-409.0,143.0,4.0,48.0,176.0,-120.0
7,2015-27,5263,302.0,-57.0,30.0,79.0,265.0,1.0,30.0,-32.0,261.0,50.0,19.0,-85.0,224.0,497.0,-85.0,10.0,13.0,517.0,134.0,-16.0,-6.0,355.0,53.0,-33.0,-68.0,1079.0,-1287.0,47.0,7.0,41.0,-1222.0,-13.0,62.0,54.0,114.0,-36.0,293.0,-79.0,-279.0,-81.0,-91.0,175.0,-108.0,-287.0,-65.0,142.0,-182.0,-159.0,-409.0,143.0,4.0,48.0,176.0
7,2015-28,5223,-40.0,302.0,-57.0,30.0,79.0,265.0,1.0,30.0,-32.0,261.0,50.0,19.0,-85.0,224.0,497.0,-85.0,10.0,13.0,517.0,134.0,-16.0,-6.0,355.0,53.0,-33.0,-68.0,1079.0,-1287.0,47.0,7.0,41.0,-1222.0,-13.0,62.0,54.0,114.0,-36.0,293.0,-79.0,-279.0,-81.0,-91.0,175.0,-108.0,-287.0,-65.0,142.0,-182.0,-159.0,-409.0,143.0,4.0,48.0
7,2015-29,5312,89.0,-40.0,302.0,-57.0,30.0,79.0,265.0,1.0,30.0,-32.0,261.0,50.0,19.0,-85.0,224.0,497.0,-85.0,10.0,13.0,517.0,134.0,-16.0,-6.0,355.0,53.0,-33.0,-68.0,1079.0,-1287.0,47.0,7.0,41.0,-1222.0,-13.0,62.0,54.0,114.0,-36.0,293.0,-79.0,-279.0,-81.0,-91.0,175.0,-108.0,-287.0,-65.0,142.0,-182.0,-159.0,-409.0,143.0,4.0
7,2015-30,5211,-101.0,89.0,-40.0,302.0,-57.0,30.0,79.0,265.0,1.0,30.0,-32.0,261.0,50.0,19.0,-85.0,224.0,497.0,-85.0,10.0,13.0,517.0,134.0,-16.0,-6.0,355.0,53.0,-33.0,-68.0,1079.0,-1287.0,47.0,7.0,41.0,-1222.0,-13.0,62.0,54.0,114.0,-36.0,293.0,-79.0,-279.0,-81.0,-91.0,175.0,-108.0,-287.0,-65.0,142.0,-182.0,-159.0,-409.0,143.0
7,2015-31,5071,-140.0,-101.0,89.0,-40.0,302.0,-57.0,30.0,79.0,265.0,1.0,30.0,-32.0,261.0,50.0,19.0,-85.0,224.0,497.0,-85.0,10.0,13.0,517.0,134.0,-16.0,-6.0,355.0,53.0,-33.0,-68.0,1079.0,-1287.0,47.0,7.0,41.0,-1222.0,-13.0,62.0,54.0,114.0,-36.0,293.0,-79.0,-279.0,-81.0,-91.0,175.0,-108.0,-287.0,-65.0,142.0,-182.0,-159.0,-409.0
7,2015-32,4693,-378.0,-140.0,-101.0,89.0,-40.0,302.0,-57.0,30.0,79.0,265.0,1.0,30.0,-32.0,261.0,50.0,19.0,-85.0,224.0,497.0,-85.0,10.0,13.0,517.0,134.0,-16.0,-6.0,355.0,53.0,-33.0,-68.0,1079.0,-1287.0,47.0,7.0,41.0,-1222.0,-13.0,62.0,54.0,114.0,-36.0,293.0,-79.0,-279.0,-81.0,-91.0,175.0,-108.0,-287.0,-65.0,142.0,-182.0,-159.0
7,2015-33,4576,-117.0,-378.0,-140.0,-101.0,89.0,-40.0,302.0,-57.0,30.0,79.0,265.0,1.0,30.0,-32.0,261.0,50.0,19.0,-85.0,224.0,497.0,-85.0,10.0,13.0,517.0,134.0,-16.0,-6.0,355.0,53.0,-33.0,-68.0,1079.0,-1287.0,47.0,7.0,41.0,-1222.0,-13.0,62.0,54.0,114.0,-36.0,293.0,-79.0,-279.0,-81.0,-91.0,175.0,-108.0,-287.0,-65.0,142.0,-182.0
7,2015-34,4633,57.0,-117.0,-378.0,-140.0,-101.0,89.0,-40.0,302.0,-57.0,30.0,79.0,265.0,1.0,30.0,-32.0,261.0,50.0,19.0,-85.0,224.0,497.0,-85.0,10.0,13.0,517.0,134.0,-16.0,-6.0,355.0,53.0,-33.0,-68.0,1079.0,-1287.0,47.0,7.0,41.0,-1222.0,-13.0,62.0,54.0,114.0,-36.0,293.0,-79.0,-279.0,-81.0,-91.0,175.0,-108.0,-287.0,-65.0,142.0
7,2015-35,4701,68.0,57.0,-117.0,-378.0,-140.0,-101.0,89.0,-40.0,302.0,-57.0,30.0,79.0,265.0,1.0,30.0,-32.0,261.0,50.0,19.0,-85.0,224.0,497.0,-85.0,10.0,13.0,517.0,134.0,-16.0,-6.0,355.0,53.0,-33.0,-68.0,1079.0,-1287.0,47.0,7.0,41.0,-1222.0,-13.0,62.0,54.0,114.0,-36.0,293.0,-79.0,-279.0,-81.0,-91.0,175.0,-108.0,-287.0,-65.0
7,2015-36,4389,-312.0,68.0,57.0,-117.0,-378.0,-140.0,-101.0,89.0,-40.0,302.0,-57.0,30.0,79.0,265.0,1.0,30.0,-32.0,261.0,50.0,19.0,-85.0,224.0,497.0,-85.0,10.0,13.0,517.0,134.0,-16.0,-6.0,355.0,53.0,-33.0,-68.0,1079.0,-1287.0,47.0,7.0,41.0,-1222.0,-13.0,62.0,54.0,114.0,-36.0,293.0,-79.0,-279.0,-81.0,-91.0,175.0,-108.0,-287.0
7,2015-37,4330,-59.0,-312.0,68.0,57.0,-117.0,-378.0,-140.0,-101.0,89.0,-40.0,302.0,-57.0,30.0,79.0,265.0,1.0,30.0,-32.0,261.0,50.0,19.0,-85.0,224.0,497.0,-85.0,10.0,13.0,517.0,134.0,-16.0,-6.0,355.0,53.0,-33.0,-68.0,1079.0,-1287.0,47.0,7.0,41.0,-1222.0,-13.0,62.0,54.0,114.0,-36.0,293.0,-79.0,-279.0,-81.0,-91.0,175.0,-108.0
7,2015-38,4361,31.0,-59.0,-312.0,68.0,57.0,-117.0,-378.0,-140.0,-101.0,89.0,-40.0,302.0,-57.0,30.0,79.0,265.0,1.0,30.0,-32.0,261.0,50.0,19.0,-85.0,224.0,497.0,-85.0,10.0,13.0,517.0,134.0,-16.0,-6.0,355.0,53.0,-33.0,-68.0,1079.0,-1287.0,47.0,7.0,41.0,-1222.0,-13.0,62.0,54.0,114.0,-36.0,293.0,-79.0,-279.0,-81.0,-91.0,175.0
7,2015-39,4311,-50.0,31.0,-59.0,-312.0,68.0,57.0,-117.0,-378.0,-140.0,-101.0,89.0,-40.0,302.0,-57.0,30.0,79.0,265.0,1.0,30.0,-32.0,261.0,50.0,19.0,-85.0,224.0,497.0,-85.0,10.0,13.0,517.0,134.0,-16.0,-6.0,355.0,53.0,-33.0,-68.0,1079.0,-1287.0,47.0,7.0,41.0,-1222.0,-13.0,62.0,54.0,114.0,-36.0,293.0,-79.0,-279.0,-81.0,-91.0
7,2015-40,4128,-183.0,-50.0,31.0,-59.0,-312.0,68.0,57.0,-117.0,-378.0,-140.0,-101.0,89.0,-40.0,302.0,-57.0,30.0,79.0,265.0,1.0,30.0,-32.0,261.0,50.0,19.0,-85.0,224.0,497.0,-85.0,10.0,13.0,517.0,134.0,-16.0,-6.0,355.0,53.0,-33.0,-68.0,1079.0,-1287.0,47.0,7.0,41.0,-1222.0,-13.0,62.0,54.0,114.0,-36.0,293.0,-79.0,-279.0,-81.0
7,2015-41,4028,-100.0,-183.0,-50.0,31.0,-59.0,-312.0,68.0,57.0,-117.0,-378.0,-140.0,-101.0,89.0,-40.0,302.0,-57.0,30.0,79.0,265.0,1.0,30.0,-32.0,261.0,50.0,19.0,-85.0,224.0,497.0,-85.0,10.0,13.0,517.0,134.0,-16.0,-6.0,355.0,53.0,-33.0,-68.0,1079.0,-1287.0,47.0,7.0,41.0,-1222.0,-13.0,62.0,54.0,114.0,-36.0,293.0,-79.0,-279.0
7,2015-42,4169,141.0,-100.0,-183.0,-50.0,31.0,-59.0,-312.0,68.0,57.0,-117.0,-378.0,-140.0,-101.0,89.0,-40.0,302.0,-57.0,30.0,79.0,265.0,1.0,30.0,-32.0,261.0,50.0,19.0,-85.0,224.0,497.0,-85.0,10.0,13.0,517.0,134.0,-16.0,-6.0,355.0,53.0,-33.0,-68.0,1079.0,-1287.0,47.0,7.0,41.0,-1222.0,-13.0,62.0,54.0,114.0,-36.0,293.0,-79.0
7,2015-43,3978,-191.0,141.0,-100.0,-183.0,-50.0,31.0,-59.0,-312.0,68.0,57.0,-117.0,-378.0,-140.0,-101.0,89.0,-40.0,302.0,-57.0,30.0,79.0,265.0,1.0,30.0,-32.0,261.0,50.0,19.0,-85.0,224.0,497.0,-85.0,10.0,13.0,517.0,134.0,-16.0,-6.0,355.0,53.0,-33.0,-68.0,1079.0,-1287.0,47.0,7.0,41.0,-1222.0,-13.0,62.0,54.0,114.0,-36.0,293.0
7,2015-44,4022,44.0,-191.0,141.0,-100.0,-183.0,-50.0,31.0,-59.0,-312.0,68.0,57.0,-117.0,-378.0,-140.0,-101.0,89.0,-40.0,302.0,-57.0,30.0,79.0,265.0,1.0,30.0,-32.0,261.0,50.0,19.0,-85.0,224.0,497.0,-85.0,10.0,13.0,517.0,134.0,-16.0,-6.0,355.0,53.0,-33.0,-68.0,1079.0,-1287.0,47.0,7.0,41.0,-1222.0,-13.0,62.0,54.0,114.0,-36.0
7,2015-45,4288,266.0,44.0,-191.0,141.0,-100.0,-183.0,-50.0,31.0,-59.0,-312.0,68.0,57.0,-117.0,-378.0,-140.0,-101.0,89.0,-40.0,302.0,-57.0,30.0,79.0,265.0,1.0,30.0,-32.0,261.0,50.0,19.0,-85.0,224.0,497.0,-85.0,10.0,13.0,517.0,134.0,-16.0,-6.0,355.0,53.0,-33.0,-68.0,1079.0,-1287.0,47.0,7.0,41.0,-1222.0,-13.0,62.0,54.0,114.0
7,2015-46,4281,-7.0,266.0,44.0,-191.0,141.0,-100.0,-183.0,-50.0,31.0,-59.0,-312.0,68.0,57.0,-117.0,-378.0,-140.0,-101.0,89.0,-40.0,302.0,-57.0,30.0,79.0,265.0,1.0,30.0,-32.0,261.0,50.0,19.0,-85.0,224.0,497.0,-85.0,10.0,13.0,517.0,134.0,-16.0,-6.0,355.0,53.0,-33.0,-68.0,1079.0,-1287.0,47.0,7.0,41.0,-1222.0,-13.0,62.0,54.0
7,2015-47,4321,40.0,-7.0,266.0,44.0,-191.0,141.0,-100.0,-183.0,-50.0,31.0,-59.0,-312.0,68.0,57.0,-117.0,-378.0,-140.0,-101.0,89.0,-40.0,302.0,-57.0,30.0,79.0,265.0,1.0,30.0,-32.0,261.0,50.0,19.0,-85.0,224.0,497.0,-85.0,10.0,13.0,517.0,134.0,-16.0,-6.0,355.0,53.0,-33.0,-68.0,1079.0,-1287.0,47.0,7.0,41.0,-1222.0,-13.0,62.0
7,2015-48,4331,10.0,40.0,-7.0,266.0,44.0,-191.0,141.0,-100.0,-183.0,-50.0,31.0,-59.0,-312.0,68.0,57.0,-117.0,-378.0,-140.0,-101.0,89.0,-40.0,302.0,-57.0,30.0,79.0,265.0,1.0,30.0,-32.0,261.0,50.0,19.0,-85.0,224.0,497.0,-85.0,10.0,13.0,517.0,134.0,-16.0,-6.0,355.0,53.0,-33.0,-68.0,1079.0,-1287.0,47.0,7.0,41.0,-1222.0,-13.0
7,2015-49,3313,-1018.0,10.0,40.0,-7.0,266.0,44.0,-191.0,141.0,-100.0,-183.0,-50.0,31.0,-59.0,-312.0,68.0,57.0,-117.0,-378.0,-140.0,-101.0,89.0,-40.0,302.0,-57.0,30.0,79.0,265.0,1.0,30.0,-32.0,261.0,50.0,19.0,-85.0,224.0,497.0,-85.0,10.0,13.0,517.0,134.0,-16.0,-6.0,355.0,53.0,-33.0,-68.0,1079.0,-1287.0,47.0,7.0,41.0,-1222.0
7,2015-50,3029,-284.0,-1018.0,10.0,40.0,-7.0,266.0,44.0,-191.0,141.0,-100.0,-183.0,-50.0,31.0,-59.0,-312.0,68.0,57.0,-117.0,-378.0,-140.0,-101.0,89.0,-40.0,302.0,-57.0,30.0,79.0,265.0,1.0,30.0,-32.0,261.0,50.0,19.0,-85.0,224.0,497.0,-85.0,10.0,13.0,517.0,134.0,-16.0,-6.0,355.0,53.0,-33.0,-68.0,1079.0,-1287.0,47.0,7.0,41.0
7,2015-51,3121,92.0,-284.0,-1018.0,10.0,40.0,-7.0,266.0,44.0,-191.0,141.0,-100.0,-183.0,-50.0,31.0,-59.0,-312.0,68.0,57.0,-117.0,-378.0,-140.0,-101.0,89.0,-40.0,302.0,-57.0,30.0,79.0,265.0,1.0,30.0,-32.0,261.0,50.0,19.0,-85.0,224.0,497.0,-85.0,10.0,13.0,517.0,134.0,-16.0,-6.0,355.0,53.0,-33.0,-68.0,1079.0,-1287.0,47.0,7.0
7,2015-52,3045,-76.0,92.0,-284.0,-1018.0,10.0,40.0,-7.0,266.0,44.0,-191.0,141.0,-100.0,-183.0,-50.0,31.0,-59.0,-312.0,68.0,57.0,-117.0,-378.0,-140.0,-101.0,89.0,-40.0,302.0,-57.0,30.0,79.0,265.0,1.0,30.0,-32.0,261.0,50.0,19.0,-85.0,224.0,497.0,-85.0,10.0,13.0,517.0,134.0,-16.0,-6.0,355.0,53.0,-33.0,-68.0,1079.0,-1287.0,47.0
7,2015-53,1582,-1463.0,-76.0,92.0,-284.0,-1018.0,10.0,40.0,-7.0,266.0,44.0,-191.0,141.0,-100.0,-183.0,-50.0,31.0,-59.0,-312.0,68.0,57.0,-117.0,-378.0,-140.0,-101.0,89.0,-40.0,302.0,-57.0,30.0,79.0,265.0,1.0,30.0,-32.0,261.0,50.0,19.0,-85.0,224.0,497.0,-85.0,10.0,13.0,517.0,134.0,-16.0,-6.0,355.0,53.0,-33.0,-68.0,1079.0,-1287.0
7,2016-01,2917,1335.0,-1463.0,-76.0,92.0,-284.0,-1018.0,10.0,40.0,-7.0,266.0,44.0,-191.0,141.0,-100.0,-183.0,-50.0,31.0,-59.0,-312.0,68.0,57.0,-117.0,-378.0,-140.0,-101.0,89.0,-40.0,302.0,-57.0,30.0,79.0,265.0,1.0,30.0,-32.0,261.0,50.0,19.0,-85.0,224.0,497.0,-85.0,10.0,13.0,517.0,134.0,-16.0,-6.0,355.0,53.0,-33.0,-68.0,1079.0
7,2016-02,2953,36.0,1335.0,-1463.0,-76.0,92.0,-284.0,-1018.0,10.0,40.0,-7.0,266.0,44.0,-191.0,141.0,-100.0,-183.0,-50.0,31.0,-59.0,-312.0,68.0,57.0,-117.0,-378.0,-140.0,-101.0,89.0,-40.0,302.0,-57.0,30.0,79.0,265.0,1.0,30.0,-32.0,261.0,50.0,19.0,-85.0,224.0,497.0,-85.0,10.0,13.0,517.0,134.0,-16.0,-6.0,355.0,53.0,-33.0,-68.0
7,2016-03,3055,102.0,36.0,1335.0,-1463.0,-76.0,92.0,-284.0,-1018.0,10.0,40.0,-7.0,266.0,44.0,-191.0,141.0,-100.0,-183.0,-50.0,31.0,-59.0,-312.0,68.0,57.0,-117.0,-378.0,-140.0,-101.0,89.0,-40.0,302.0,-57.0,30.0,79.0,265.0,1.0,30.0,-32.0,261.0,50.0,19.0,-85.0,224.0,497.0,-85.0,10.0,13.0,517.0,134.0,-16.0,-6.0,355.0,53.0,-33.0
7,2016-04,3009,-46.0,102.0,36.0,1335.0,-1463.0,-76.0,92.0,-284.0,-1018.0,10.0,40.0,-7.0,266.0,44.0,-191.0,141.0,-100.0,-183.0,-50.0,31.0,-59.0,-312.0,68.0,57.0,-117.0,-378.0,-140.0,-101.0,89.0,-40.0,302.0,-57.0,30.0,79.0,265.0,1.0,30.0,-32.0,261.0,50.0,19.0,-85.0,224.0,497.0,-85.0,10.0,13.0,517.0,134.0,-16.0,-6.0,355.0,53.0
7,2016-05,3289,280.0,-46.0,102.0,36.0,1335.0,-1463.0,-76.0,92.0,-284.0,-1018.0,10.0,40.0,-7.0,266.0,44.0,-191.0,141.0,-100.0,-183.0,-50.0,31.0,-59.0,-312.0,68.0,57.0,-117.0,-378.0,-140.0,-101.0,89.0,-40.0,302.0,-57.0,30.0,79.0,265.0,1.0,30.0,-32.0,261.0,50.0,19.0,-85.0,224.0,497.0,-85.0,10.0,13.0,517.0,134.0,-16.0,-6.0,355.0
7,2016-06,3313,24.0,280.0,-46.0,102.0,36.0,1335.0,-1463.0,-76.0,92.0,-284.0,-1018.0,10.0,40.0,-7.0,266.0,44.0,-191.0,141.0,-100.0,-183.0,-50.0,31.0,-59.0,-312.0,68.0,57.0,-117.0,-378.0,-140.0,-101.0,89.0,-40.0,302.0,-57.0,30.0,79.0,265.0,1.0,30.0,-32.0,261.0,50.0,19.0,-85.0,224.0,497.0,-85.0,10.0,13.0,517.0,134.0,-16.0,-6.0
7,2016-07,3314,1.0,24.0,280.0,-46.0,102.0,36.0,1335.0,-1463.0,-76.0,92.0,-284.0,-1018.0,10.0,40.0,-7.0,266.0,44.0,-191.0,141.0,-100.0,-183.0,-50.0,31.0,-59.0,-312.0,68.0,57.0,-117.0,-378.0,-140.0,-101.0,89.0,-40.0,302.0,-57.0,30.0,79.0,265.0,1.0,30.0,-32.0,261.0,50.0,19.0,-85.0,224.0,497.0,-85.0,10.0,13.0,517.0,134.0,-16.0
7,2016-08,3448,134.0,1.0,24.0,280.0,-46.0,102.0,36.0,1335.0,-1463.0,-76.0,92.0,-284.0,-1018.0,10.0,40.0,-7.0,266.0,44.0,-191.0,141.0,-100.0,-183.0,-50.0,31.0,-59.0,-312.0,68.0,57.0,-117.0,-378.0,-140.0,-101.0,89.0,-40.0,302.0,-57.0,30.0,79.0,265.0,1.0,30.0,-32.0,261.0,50.0,19.0,-85.0,224.0,497.0,-85.0,10.0,13.0,517.0,134.0
7,2016-09,3949,501.0,134.0,1.0,24.0,280.0,-46.0,102.0,36.0,1335.0,-1463.0,-76.0,92.0,-284.0,-1018.0,10.0,40.0,-7.0,266.0,44.0,-191.0,141.0,-100.0,-183.0,-50.0,31.0,-59.0,-312.0,68.0,57.0,-117.0,-378.0,-140.0,-101.0,89.0,-40.0,302.0,-57.0,30.0,79.0,265.0,1.0,30.0,-32.0,261.0,50.0,19.0,-85.0,224.0,497.0,-85.0,10.0,13.0,517.0
7,2016-10,3939,-10.0,501.0,134.0,1.0,24.0,280.0,-46.0,102.0,36.0,1335.0,-1463.0,-76.0,92.0,-284.0,-1018.0,10.0,40.0,-7.0,266.0,44.0,-191.0,141.0,-100.0,-183.0,-50.0,31.0,-59.0,-312.0,68.0,57.0,-117.0,-378.0,-140.0,-101.0,89.0,-40.0,302.0,-57.0,30.0,79.0,265.0,1.0,30.0,-32.0,261.0,50.0,19.0,-85.0,224.0,497.0,-85.0,10.0,13.0
7,2016-11,4033,94.0,-10.0,501.0,134.0,1.0,24.0,280.0,-46.0,102.0,36.0,1335.0,-1463.0,-76.0,92.0,-284.0,-1018.0,10.0,40.0,-7.0,266.0,44.0,-191.0,141.0,-100.0,-183.0,-50.0,31.0,-59.0,-312.0,68.0,57.0,-117.0,-378.0,-140.0,-101.0,89.0,-40.0,302.0,-57.0,30.0,79.0,265.0,1.0,30.0,-32.0,261.0,50.0,19.0,-85.0,224.0,497.0,-85.0,10.0
7,2016-12,4054,21.0,94.0,-10.0,501.0,134.0,1.0,24.0,280.0,-46.0,102.0,36.0,1335.0,-1463.0,-76.0,92.0,-284.0,-1018.0,10.0,40.0,-7.0,266.0,44.0,-191.0,141.0,-100.0,-183.0,-50.0,31.0,-59.0,-312.0,68.0,57.0,-117.0,-378.0,-140.0,-101.0,89.0,-40.0,302.0,-57.0,30.0,79.0,265.0,1.0,30.0,-32.0,261.0,50.0,19.0,-85.0,224.0,497.0,-85.0
7,2016-13,4417,363.0,21.0,94.0,-10.0,501.0,134.0,1.0,24.0,280.0,-46.0,102.0,36.0,1335.0,-1463.0,-76.0,92.0,-284.0,-1018.0,10.0,40.0,-7.0,266.0,44.0,-191.0,141.0,-100.0,-183.0,-50.0,31.0,-59.0,-312.0,68.0,57.0,-117.0,-378.0,-140.0,-101.0,89.0,-40.0,302.0,-57.0,30.0,79.0,265.0,1.0,30.0,-32.0,261.0,50.0,19.0,-85.0,224.0,497.0
7,2016-14,4815,398.0,363.0,21.0,94.0,-10.0,501.0,134.0,1.0,24.0,280.0,-46.0,102.0,36.0,1335.0,-1463.0,-76.0,92.0,-284.0,-1018.0,10.0,40.0,-7.0,266.0,44.0,-191.0,141.0,-100.0,-183.0,-50.0,31.0,-59.0,-312.0,68.0,57.0,-117.0,-378.0,-140.0,-101.0,89.0,-40.0,302.0,-57.0,30.0,79.0,265.0,1.0,30.0,-32.0,261.0,50.0,19.0,-85.0,224.0
7,2016-15,4731,-84.0,398.0,363.0,21.0,94.0,-10.0,501.0,134.0,1.0,24.0,280.0,-46.0,102.0,36.0,1335.0,-1463.0,-76.0,92.0,-284.0,-1018.0,10.0,40.0,-7.0,266.0,44.0,-191.0,141.0,-100.0,-183.0,-50.0,31.0,-59.0,-312.0,68.0,57.0,-117.0,-378.0,-140.0,-101.0,89.0,-40.0,302.0,-57.0,30.0,79.0,265.0,1.0,30.0,-32.0,261.0,50.0,19.0,-85.0
7,2016-16,4707,-24.0,-84.0,398.0,363.0,21.0,94.0,-10.0,501.0,134.0,1.0,24.0,280.0,-46.0,102.0,36.0,1335.0,-1463.0,-76.0,92.0,-284.0,-1018.0,10.0,40.0,-7.0,266.0,44.0,-191.0,141.0,-100.0,-183.0,-50.0,31.0,-59.0,-312.0,68.0,57.0,-117.0,-378.0,-140.0,-101.0,89.0,-40.0,302.0,-57.0,30.0,79.0,265.0,1.0,30.0,-32.0,261.0,50.0,19.0
7,2016-17,4799,92.0,-24.0,-84.0,398.0,363.0,21.0,94.0,-10.0,501.0,134.0,1.0,24.0,280.0,-46.0,102.0,36.0,1335.0,-1463.0,-76.0,92.0,-284.0,-1018.0,10.0,40.0,-7.0,266.0,44.0,-191.0,141.0,-100.0,-183.0,-50.0,31.0,-59.0,-312.0,68.0,57.0,-117.0,-378.0,-140.0,-101.0,89.0,-40.0,302.0,-57.0,30.0,79.0,265.0,1.0,30.0,-32.0,261.0,50.0
7,2016-18,4991,192.0,92.0,-24.0,-84.0,398.0,363.0,21.0,94.0,-10.0,501.0,134.0,1.0,24.0,280.0,-46.0,102.0,36.0,1335.0,-1463.0,-76.0,92.0,-284.0,-1018.0,10.0,40.0,-7.0,266.0,44.0,-191.0,141.0,-100.0,-183.0,-50.0,31.0,-59.0,-312.0,68.0,57.0,-117.0,-378.0,-140.0,-101.0,89.0,-40.0,302.0,-57.0,30.0,79.0,265.0,1.0,30.0,-32.0,261.0
7,2016-19,5028,37.0,192.0,92.0,-24.0,-84.0,398.0,363.0,21.0,94.0,-10.0,501.0,134.0,1.0,24.0,280.0,-46.0,102.0,36.0,1335.0,-1463.0,-76.0,92.0,-284.0,-1018.0,10.0,40.0,-7.0,266.0,44.0,-191.0,141.0,-100.0,-183.0,-50.0,31.0,-59.0,-312.0,68.0,57.0,-117.0,-378.0,-140.0,-101.0,89.0,-40.0,302.0,-57.0,30.0,79.0,265.0,1.0,30.0,-32.0
7,2016-20,4993,-35.0,37.0,192.0,92.0,-24.0,-84.0,398.0,363.0,21.0,94.0,-10.0,501.0,134.0,1.0,24.0,280.0,-46.0,102.0,36.0,1335.0,-1463.0,-76.0,92.0,-284.0,-1018.0,10.0,40.0,-7.0,266.0,44.0,-191.0,141.0,-100.0,-183.0,-50.0,31.0,-59.0,-312.0,68.0,57.0,-117.0,-378.0,-140.0,-101.0,89.0,-40.0,302.0,-57.0,30.0,79.0,265.0,1.0,30.0
7,2016-21,5043,50.0,-35.0,37.0,192.0,92.0,-24.0,-84.0,398.0,363.0,21.0,94.0,-10.0,501.0,134.0,1.0,24.0,280.0,-46.0,102.0,36.0,1335.0,-1463.0,-76.0,92.0,-284.0,-1018.0,10.0,40.0,-7.0,266.0,44.0,-191.0,141.0,-100.0,-183.0,-50.0,31.0,-59.0,-312.0,68.0,57.0,-117.0,-378.0,-140.0,-101.0,89.0,-40.0,302.0,-57.0,30.0,79.0,265.0,1.0
7,2016-22,5253,210.0,50.0,-35.0,37.0,192.0,92.0,-24.0,-84.0,398.0,363.0,21.0,94.0,-10.0,501.0,134.0,1.0,24.0,280.0,-46.0,102.0,36.0,1335.0,-1463.0,-76.0,92.0,-284.0,-1018.0,10.0,40.0,-7.0,266.0,44.0,-191.0,141.0,-100.0,-183.0,-50.0,31.0,-59.0,-312.0,68.0,57.0,-117.0,-378.0,-140.0,-101.0,89.0,-40.0,302.0,-57.0,30.0,79.0,265.0
7,2016-23,5400,147.0,210.0,50.0,-35.0,37.0,192.0,92.0,-24.0,-84.0,398.0,363.0,21.0,94.0,-10.0,501.0,134.0,1.0,24.0,280.0,-46.0,102.0,36.0,1335.0,-1463.0,-76.0,92.0,-284.0,-1018.0,10.0,40.0,-7.0,266.0,44.0,-191.0,141.0,-100.0,-183.0,-50.0,31.0,-59.0,-312.0,68.0,57.0,-117.0,-378.0,-140.0,-101.0,89.0,-40.0,302.0,-57.0,30.0,79.0
7,2016-24,5322,-78.0,147.0,210.0,50.0,-35.0,37.0,192.0,92.0,-24.0,-84.0,398.0,363.0,21.0,94.0,-10.0,501.0,134.0,1.0,24.0,280.0,-46.0,102.0,36.0,1335.0,-1463.0,-76.0,92.0,-284.0,-1018.0,10.0,40.0,-7.0,266.0,44.0,-191.0,141.0,-100.0,-183.0,-50.0,31.0,-59.0,-312.0,68.0,57.0,-117.0,-378.0,-140.0,-101.0,89.0,-40.0,302.0,-57.0,30.0
7,2016-25,5402,80.0,-78.0,147.0,210.0,50.0,-35.0,37.0,192.0,92.0,-24.0,-84.0,398.0,363.0,21.0,94.0,-10.0,501.0,134.0,1.0,24.0,280.0,-46.0,102.0,36.0,1335.0,-1463.0,-76.0,92.0,-284.0,-1018.0,10.0,40.0,-7.0,266.0,44.0,-191.0,141.0,-100.0,-183.0,-50.0,31.0,-59.0,-312.0,68.0,57.0,-117.0,-378.0,-140.0,-101.0,89.0,-40.0,302.0,-57.0
7,2016-26,5557,155.0,80.0,-78.0,147.0,210.0,50.0,-35.0,37.0,192.0,92.0,-24.0,-84.0,398.0,363.0,21.0,94.0,-10.0,501.0,134.0,1.0,24.0,280.0,-46.0,102.0,36.0,1335.0,-1463.0,-76.0,92.0,-284.0,-1018.0,10.0,40.0,-7.0,266.0,44.0,-191.0,141.0,-100.0,-183.0,-50.0,31.0,-59.0,-312.0,68.0,57.0,-117.0,-378.0,-140.0,-101.0,89.0,-40.0,302.0
7,2016-27,5628,71.0,155.0,80.0,-78.0,147.0,210.0,50.0,-35.0,37.0,192.0,92.0,-24.0,-84.0,398.0,363.0,21.0,94.0,-10.0,501.0,134.0,1.0,24.0,280.0,-46.0,102.0,36.0,1335.0,-1463.0,-76.0,92.0,-284.0,-1018.0,10.0,40.0,-7.0,266.0,44.0,-191.0,141.0,-100.0,-183.0,-50.0,31.0,-59.0,-312.0,68.0,57.0,-117.0,-378.0,-140.0,-101.0,89.0,-40.0
7,2016-28,5734,106.0,71.0,155.0,80.0,-78.0,147.0,210.0,50.0,-35.0,37.0,192.0,92.0,-24.0,-84.0,398.0,363.0,21.0,94.0,-10.0,501.0,134.0,1.0,24.0,280.0,-46.0,102.0,36.0,1335.0,-1463.0,-76.0,92.0,-284.0,-1018.0,10.0,40.0,-7.0,266.0,44.0,-191.0,141.0,-100.0,-183.0,-50.0,31.0,-59.0,-312.0,68.0,57.0,-117.0,-378.0,-140.0,-101.0,89.0
7,2016-29,5744,10.0,106.0,71.0,155.0,80.0,-78.0,147.0,210.0,50.0,-35.0,37.0,192.0,92.0,-24.0,-84.0,398.0,363.0,21.0,94.0,-10.0,501.0,134.0,1.0,24.0,280.0,-46.0,102.0,36.0,1335.0,-1463.0,-76.0,92.0,-284.0,-1018.0,10.0,40.0,-7.0,266.0,44.0,-191.0,141.0,-100.0,-183.0,-50.0,31.0,-59.0,-312.0,68.0,57.0,-117.0,-378.0,-140.0,-101.0
7,2016-30,5791,47.0,10.0,106.0,71.0,155.0,80.0,-78.0,147.0,210.0,50.0,-35.0,37.0,192.0,92.0,-24.0,-84.0,398.0,363.0,21.0,94.0,-10.0,501.0,134.0,1.0,24.0,280.0,-46.0,102.0,36.0,1335.0,-1463.0,-76.0,92.0,-284.0,-1018.0,10.0,40.0,-7.0,266.0,44.0,-191.0,141.0,-100.0,-183.0,-50.0,31.0,-59.0,-312.0,68.0,57.0,-117.0,-378.0,-140.0
7,2016-31,5075,-716.0,47.0,10.0,106.0,71.0,155.0,80.0,-78.0,147.0,210.0,50.0,-35.0,37.0,192.0,92.0,-24.0,-84.0,398.0,363.0,21.0,94.0,-10.0,501.0,134.0,1.0,24.0,280.0,-46.0,102.0,36.0,1335.0,-1463.0,-76.0,92.0,-284.0,-1018.0,10.0,40.0,-7.0,266.0,44.0,-191.0,141.0,-100.0,-183.0,-50.0,31.0,-59.0,-312.0,68.0,57.0,-117.0,-378.0
7,2016-32,5033,-42.0,-716.0,47.0,10.0,106.0,71.0,155.0,80.0,-78.0,147.0,210.0,50.0,-35.0,37.0,192.0,92.0,-24.0,-84.0,398.0,363.0,21.0,94.0,-10.0,501.0,134.0,1.0,24.0,280.0,-46.0,102.0,36.0,1335.0,-1463.0,-76.0,92.0,-284.0,-1018.0,10.0,40.0,-7.0,266.0,44.0,-191.0,141.0,-100.0,-183.0,-50.0,31.0,-59.0,-312.0,68.0,57.0,-117.0
7,2016-33,4941,-92.0,-42.0,-716.0,47.0,10.0,106.0,71.0,155.0,80.0,-78.0,147.0,210.0,50.0,-35.0,37.0,192.0,92.0,-24.0,-84.0,398.0,363.0,21.0,94.0,-10.0,501.0,134.0,1.0,24.0,280.0,-46.0,102.0,36.0,1335.0,-1463.0,-76.0,92.0,-284.0,-1018.0,10.0,40.0,-7.0,266.0,44.0,-191.0,141.0,-100.0,-183.0,-50.0,31.0,-59.0,-312.0,68.0,57.0
7,2016-34,5022,81.0,-92.0,-42.0,-716.0,47.0,10.0,106.0,71.0,155.0,80.0,-78.0,147.0,210.0,50.0,-35.0,37.0,192.0,92.0,-24.0,-84.0,398.0,363.0,21.0,94.0,-10.0,501.0,134.0,1.0,24.0,280.0,-46.0,102.0,36.0,1335.0,-1463.0,-76.0,92.0,-284.0,-1018.0,10.0,40.0,-7.0,266.0,44.0,-191.0,141.0,-100.0,-183.0,-50.0,31.0,-59.0,-312.0,68.0
7,2016-35,4945,-77.0,81.0,-92.0,-42.0,-716.0,47.0,10.0,106.0,71.0,155.0,80.0,-78.0,147.0,210.0,50.0,-35.0,37.0,192.0,92.0,-24.0,-84.0,398.0,363.0,21.0,94.0,-10.0,501.0,134.0,1.0,24.0,280.0,-46.0,102.0,36.0,1335.0,-1463.0,-76.0,92.0,-284.0,-1018.0,10.0,40.0,-7.0,266.0,44.0,-191.0,141.0,-100.0,-183.0,-50.0,31.0,-59.0,-312.0
7,2016-36,4555,-390.0,-77.0,81.0,-92.0,-42.0,-716.0,47.0,10.0,106.0,71.0,155.0,80.0,-78.0,147.0,210.0,50.0,-35.0,37.0,192.0,92.0,-24.0,-84.0,398.0,363.0,21.0,94.0,-10.0,501.0,134.0,1.0,24.0,280.0,-46.0,102.0,36.0,1335.0,-1463.0,-76.0,92.0,-284.0,-1018.0,10.0,40.0,-7.0,266.0,44.0,-191.0,141.0,-100.0,-183.0,-50.0,31.0,-59.0
7,2016-37,4607,52.0,-390.0,-77.0,81.0,-92.0,-42.0,-716.0,47.0,10.0,106.0,71.0,155.0,80.0,-78.0,147.0,210.0,50.0,-35.0,37.0,192.0,92.0,-24.0,-84.0,398.0,363.0,21.0,94.0,-10.0,501.0,134.0,1.0,24.0,280.0,-46.0,102.0,36.0,1335.0,-1463.0,-76.0,92.0,-284.0,-1018.0,10.0,40.0,-7.0,266.0,44.0,-191.0,141.0,-100.0,-183.0,-50.0,31.0
7,2016-38,4639,32.0,52.0,-390.0,-77.0,81.0,-92.0,-42.0,-716.0,47.0,10.0,106.0,71.0,155.0,80.0,-78.0,147.0,210.0,50.0,-35.0,37.0,192.0,92.0,-24.0,-84.0,398.0,363.0,21.0,94.0,-10.0,501.0,134.0,1.0,24.0,280.0,-46.0,102.0,36.0,1335.0,-1463.0,-76.0,92.0,-284.0,-1018.0,10.0,40.0,-7.0,266.0,44.0,-191.0,141.0,-100.0,-183.0,-50.0
7,2016-39,4501,-138.0,32.0,52.0,-390.0,-77.0,81.0,-92.0,-42.0,-716.0,47.0,10.0,106.0,71.0,155.0,80.0,-78.0,147.0,210.0,50.0,-35.0,37.0,192.0,92.0,-24.0,-84.0,398.0,363.0,21.0,94.0,-10.0,501.0,134.0,1.0,24.0,280.0,-46.0,102.0,36.0,1335.0,-1463.0,-76.0,92.0,-284.0,-1018.0,10.0,40.0,-7.0,266.0,44.0,-191.0,141.0,-100.0,-183.0
7,2016-40,4408,-93.0,-138.0,32.0,52.0,-390.0,-77.0,81.0,-92.0,-42.0,-716.0,47.0,10.0,106.0,71.0,155.0,80.0,-78.0,147.0,210.0,50.0,-35.0,37.0,192.0,92.0,-24.0,-84.0,398.0,363.0,21.0,94.0,-10.0,501.0,134.0,1.0,24.0,280.0,-46.0,102.0,36.0,1335.0,-1463.0,-76.0,92.0,-284.0,-1018.0,10.0,40.0,-7.0,266.0,44.0,-191.0,141.0,-100.0
7,2016-41,4314,-94.0,-93.0,-138.0,32.0,52.0,-390.0,-77.0,81.0,-92.0,-42.0,-716.0,47.0,10.0,106.0,71.0,155.0,80.0,-78.0,147.0,210.0,50.0,-35.0,37.0,192.0,92.0,-24.0,-84.0,398.0,363.0,21.0,94.0,-10.0,501.0,134.0,1.0,24.0,280.0,-46.0,102.0,36.0,1335.0,-1463.0,-76.0,92.0,-284.0,-1018.0,10.0,40.0,-7.0,266.0,44.0,-191.0,141.0
7,2016-42,4275,-39.0,-94.0,-93.0,-138.0,32.0,52.0,-390.0,-77.0,81.0,-92.0,-42.0,-716.0,47.0,10.0,106.0,71.0,155.0,80.0,-78.0,147.0,210.0,50.0,-35.0,37.0,192.0,92.0,-24.0,-84.0,398.0,363.0,21.0,94.0,-10.0,501.0,134.0,1.0,24.0,280.0,-46.0,102.0,36.0,1335.0,-1463.0,-76.0,92.0,-284.0,-1018.0,10.0,40.0,-7.0,266.0,44.0,-191.0
7,2016-43,4464,189.0,-39.0,-94.0,-93.0,-138.0,32.0,52.0,-390.0,-77.0,81.0,-92.0,-42.0,-716.0,47.0,10.0,106.0,71.0,155.0,80.0,-78.0,147.0,210.0,50.0,-35.0,37.0,192.0,92.0,-24.0,-84.0,398.0,363.0,21.0,94.0,-10.0,501.0,134.0,1.0,24.0,280.0,-46.0,102.0,36.0,1335.0,-1463.0,-76.0,92.0,-284.0,-1018.0,10.0,40.0,-7.0,266.0,44.0
7,2016-44,4559,95.0,189.0,-39.0,-94.0,-93.0,-138.0,32.0,52.0,-390.0,-77.0,81.0,-92.0,-42.0,-716.0,47.0,10.0,106.0,71.0,155.0,80.0,-78.0,147.0,210.0,50.0,-35.0,37.0,192.0,92.0,-24.0,-84.0,398.0,363.0,21.0,94.0,-10.0,501.0,134.0,1.0,24.0,280.0,-46.0,102.0,36.0,1335.0,-1463.0,-76.0,92.0,-284.0,-1018.0,10.0,40.0,-7.0,266.0
7,2016-45,4645,86.0,95.0,189.0,-39.0,-94.0,-93.0,-138.0,32.0,52.0,-390.0,-77.0,81.0,-92.0,-42.0,-716.0,47.0,10.0,106.0,71.0,155.0,80.0,-78.0,147.0,210.0,50.0,-35.0,37.0,192.0,92.0,-24.0,-84.0,398.0,363.0,21.0,94.0,-10.0,501.0,134.0,1.0,24.0,280.0,-46.0,102.0,36.0,1335.0,-1463.0,-76.0,92.0,-284.0,-1018.0,10.0,40.0,-7.0
7,2016-46,4690,45.0,86.0,95.0,189.0,-39.0,-94.0,-93.0,-138.0,32.0,52.0,-390.0,-77.0,81.0,-92.0,-42.0,-716.0,47.0,10.0,106.0,71.0,155.0,80.0,-78.0,147.0,210.0,50.0,-35.0,37.0,192.0,92.0,-24.0,-84.0,398.0,363.0,21.0,94.0,-10.0,501.0,134.0,1.0,24.0,280.0,-46.0,102.0,36.0,1335.0,-1463.0,-76.0,92.0,-284.0,-1018.0,10.0,40.0
7,2016-47,4649,-41.0,45.0,86.0,95.0,189.0,-39.0,-94.0,-93.0,-138.0,32.0,52.0,-390.0,-77.0,81.0,-92.0,-42.0,-716.0,47.0,10.0,106.0,71.0,155.0,80.0,-78.0,147.0,210.0,50.0,-35.0,37.0,192.0,92.0,-24.0,-84.0,398.0,363.0,21.0,94.0,-10.0,501.0,134.0,1.0,24.0,280.0,-46.0,102.0,36.0,1335.0,-1463.0,-76.0,92.0,-284.0,-1018.0,10.0
7,2016-48,3832,-817.0,-41.0,45.0,86.0,95.0,189.0,-39.0,-94.0,-93.0,-138.0,32.0,52.0,-390.0,-77.0,81.0,-92.0,-42.0,-716.0,47.0,10.0,106.0,71.0,155.0,80.0,-78.0,147.0,210.0,50.0,-35.0,37.0,192.0,92.0,-24.0,-84.0,398.0,363.0,21.0,94.0,-10.0,501.0,134.0,1.0,24.0,280.0,-46.0,102.0,36.0,1335.0,-1463.0,-76.0,92.0,-284.0,-1018.0
7,2016-49,3362,-470.0,-817.0,-41.0,45.0,86.0,95.0,189.0,-39.0,-94.0,-93.0,-138.0,32.0,52.0,-390.0,-77.0,81.0,-92.0,-42.0,-716.0,47.0,10.0,106.0,71.0,155.0,80.0,-78.0,147.0,210.0,50.0,-35.0,37.0,192.0,92.0,-24.0,-84.0,398.0,363.0,21.0,94.0,-10.0,501.0,134.0,1.0,24.0,280.0,-46.0,102.0,36.0,1335.0,-1463.0,-76.0,92.0,-284.0
7,2016-50,3421,59.0,-470.0,-817.0,-41.0,45.0,86.0,95.0,189.0,-39.0,-94.0,-93.0,-138.0,32.0,52.0,-390.0,-77.0,81.0,-92.0,-42.0,-716.0,47.0,10.0,106.0,71.0,155.0,80.0,-78.0,147.0,210.0,50.0,-35.0,37.0,192.0,92.0,-24.0,-84.0,398.0,363.0,21.0,94.0,-10.0,501.0,134.0,1.0,24.0,280.0,-46.0,102.0,36.0,1335.0,-1463.0,-76.0,92.0
7,2016-51,3299,-122.0,59.0,-470.0,-817.0,-41.0,45.0,86.0,95.0,189.0,-39.0,-94.0,-93.0,-138.0,32.0,52.0,-390.0,-77.0,81.0,-92.0,-42.0,-716.0,47.0,10.0,106.0,71.0,155.0,80.0,-78.0,147.0,210.0,50.0,-35.0,37.0,192.0,92.0,-24.0,-84.0,398.0,363.0,21.0,94.0,-10.0,501.0,134.0,1.0,24.0,280.0,-46.0,102.0,36.0,1335.0,-1463.0,-76.0
7,2016-52,2718,-581.0,-122.0,59.0,-470.0,-817.0,-41.0,45.0,86.0,95.0,189.0,-39.0,-94.0,-93.0,-138.0,32.0,52.0,-390.0,-77.0,81.0,-92.0,-42.0,-716.0,47.0,10.0,106.0,71.0,155.0,80.0,-78.0,147.0,210.0,50.0,-35.0,37.0,192.0,92.0,-24.0,-84.0,398.0,363.0,21.0,94.0,-10.0,501.0,134.0,1.0,24.0,280.0,-46.0,102.0,36.0,1335.0,-1463.0
7,2016-53,1435,-1283.0,-581.0,-122.0,59.0,-470.0,-817.0,-41.0,45.0,86.0,95.0,189.0,-39.0,-94.0,-93.0,-138.0,32.0,52.0,-390.0,-77.0,81.0,-92.0,-42.0,-716.0,47.0,10.0,106.0,71.0,155.0,80.0,-78.0,147.0,210.0,50.0,-35.0,37.0,192.0,92.0,-24.0,-84.0,398.0,363.0,21.0,94.0,-10.0,501.0,134.0,1.0,24.0,280.0,-46.0,102.0,36.0,1335.0
7,2017-01,3183,1748.0,-1283.0,-581.0,-122.0,59.0,-470.0,-817.0,-41.0,45.0,86.0,95.0,189.0,-39.0,-94.0,-93.0,-138.0,32.0,52.0,-390.0,-77.0,81.0,-92.0,-42.0,-716.0,47.0,10.0,106.0,71.0,155.0,80.0,-78.0,147.0,210.0,50.0,-35.0,37.0,192.0,92.0,-24.0,-84.0,398.0,363.0,21.0,94.0,-10.0,501.0,134.0,1.0,24.0,280.0,-46.0,102.0,36.0
7,2017-02,3088,-95.0,1748.0,-1283.0,-581.0,-122.0,59.0,-470.0,-817.0,-41.0,45.0,86.0,95.0,189.0,-39.0,-94.0,-93.0,-138.0,32.0,52.0,-390.0,-77.0,81.0,-92.0,-42.0,-716.0,47.0,10.0,106.0,71.0,155.0,80.0,-78.0,147.0,210.0,50.0,-35.0,37.0,192.0,92.0,-24.0,-84.0,398.0,363.0,21.0,94.0,-10.0,501.0,134.0,1.0,24.0,280.0,-46.0,102.0
7,2017-03,3146,58.0,-95.0,1748.0,-1283.0,-581.0,-122.0,59.0,-470.0,-817.0,-41.0,45.0,86.0,95.0,189.0,-39.0,-94.0,-93.0,-138.0,32.0,52.0,-390.0,-77.0,81.0,-92.0,-42.0,-716.0,47.0,10.0,106.0,71.0,155.0,80.0,-78.0,147.0,210.0,50.0,-35.0,37.0,192.0,92.0,-24.0,-84.0,398.0,363.0,21.0,94.0,-10.0,501.0,134.0,1.0,24.0,280.0,-46.0
7,2017-04,3104,-42.0,58.0,-95.0,1748.0,-1283.0,-581.0,-122.0,59.0,-470.0,-817.0,-41.0,45.0,86.0,95.0,189.0,-39.0,-94.0,-93.0,-138.0,32.0,52.0,-390.0,-77.0,81.0,-92.0,-42.0,-716.0,47.0,10.0,106.0,71.0,155.0,80.0,-78.0,147.0,210.0,50.0,-35.0,37.0,192.0,92.0,-24.0,-84.0,398.0,363.0,21.0,94.0,-10.0,501.0,134.0,1.0,24.0,280.0
7,2017-05,3354,250.0,-42.0,58.0,-95.0,1748.0,-1283.0,-581.0,-122.0,59.0,-470.0,-817.0,-41.0,45.0,86.0,95.0,189.0,-39.0,-94.0,-93.0,-138.0,32.0,52.0,-390.0,-77.0,81.0,-92.0,-42.0,-716.0,47.0,10.0,106.0,71.0,155.0,80.0,-78.0,147.0,210.0,50.0,-35.0,37.0,192.0,92.0,-24.0,-84.0,398.0,363.0,21.0,94.0,-10.0,501.0,134.0,1.0,24.0
7,2017-06,3397,43.0,250.0,-42.0,58.0,-95.0,1748.0,-1283.0,-581.0,-122.0,59.0,-470.0,-817.0,-41.0,45.0,86.0,95.0,189.0,-39.0,-94.0,-93.0,-138.0,32.0,52.0,-390.0,-77.0,81.0,-92.0,-42.0,-716.0,47.0,10.0,106.0,71.0,155.0,80.0,-78.0,147.0,210.0,50.0,-35.0,37.0,192.0,92.0,-24.0,-84.0,398.0,363.0,21.0,94.0,-10.0,501.0,134.0,1.0
7,2017-07,3484,87.0,43.0,250.0,-42.0,58.0,-95.0,1748.0,-1283.0,-581.0,-122.0,59.0,-470.0,-817.0,-41.0,45.0,86.0,95.0,189.0,-39.0,-94.0,-93.0,-138.0,32.0,52.0,-390.0,-77.0,81.0,-92.0,-42.0,-716.0,47.0,10.0,106.0,71.0,155.0,80.0,-78.0,147.0,210.0,50.0,-35.0,37.0,192.0,92.0,-24.0,-84.0,398.0,363.0,21.0,94.0,-10.0,501.0,134.0
7,2017-08,3591,107.0,87.0,43.0,250.0,-42.0,58.0,-95.0,1748.0,-1283.0,-581.0,-122.0,59.0,-470.0,-817.0,-41.0,45.0,86.0,95.0,189.0,-39.0,-94.0,-93.0,-138.0,32.0,52.0,-390.0,-77.0,81.0,-92.0,-42.0,-716.0,47.0,10.0,106.0,71.0,155.0,80.0,-78.0,147.0,210.0,50.0,-35.0,37.0,192.0,92.0,-24.0,-84.0,398.0,363.0,21.0,94.0,-10.0,501.0
7,2017-09,3927,336.0,107.0,87.0,43.0,250.0,-42.0,58.0,-95.0,1748.0,-1283.0,-581.0,-122.0,59.0,-470.0,-817.0,-41.0,45.0,86.0,95.0,189.0,-39.0,-94.0,-93.0,-138.0,32.0,52.0,-390.0,-77.0,81.0,-92.0,-42.0,-716.0,47.0,10.0,106.0,71.0,155.0,80.0,-78.0,147.0,210.0,50.0,-35.0,37.0,192.0,92.0,-24.0,-84.0,398.0,363.0,21.0,94.0,-10.0
7,2017-10,4153,226.0,336.0,107.0,87.0,43.0,250.0,-42.0,58.0,-95.0,1748.0,-1283.0,-581.0,-122.0,59.0,-470.0,-817.0,-41.0,45.0,86.0,95.0,189.0,-39.0,-94.0,-93.0,-138.0,32.0,52.0,-390.0,-77.0,81.0,-92.0,-42.0,-716.0,47.0,10.0,106.0,71.0,155.0,80.0,-78.0,147.0,210.0,50.0,-35.0,37.0,192.0,92.0,-24.0,-84.0,398.0,363.0,21.0,94.0
7,2017-11,4219,66.0,226.0,336.0,107.0,87.0,43.0,250.0,-42.0,58.0,-95.0,1748.0,-1283.0,-581.0,-122.0,59.0,-470.0,-817.0,-41.0,45.0,86.0,95.0,189.0,-39.0,-94.0,-93.0,-138.0,32.0,52.0,-390.0,-77.0,81.0,-92.0,-42.0,-716.0,47.0,10.0,106.0,71.0,155.0,80.0,-78.0,147.0,210.0,50.0,-35.0,37.0,192.0,92.0,-24.0,-84.0,398.0,363.0,21.0
7,2017-12,4070,-149.0,66.0,226.0,336.0,107.0,87.0,43.0,250.0,-42.0,58.0,-95.0,1748.0,-1283.0,-581.0,-122.0,59.0,-470.0,-817.0,-41.0,45.0,86.0,95.0,189.0,-39.0,-94.0,-93.0,-138.0,32.0,52.0,-390.0,-77.0,81.0,-92.0,-42.0,-716.0,47.0,10.0,106.0,71.0,155.0,80.0,-78.0,147.0,210.0,50.0,-35.0,37.0,192.0,92.0,-24.0,-84.0,398.0,363.0
7,2017-13,4282,212.0,-149.0,66.0,226.0,336.0,107.0,87.0,43.0,250.0,-42.0,58.0,-95.0,1748.0,-1283.0,-581.0,-122.0,59.0,-470.0,-817.0,-41.0,45.0,86.0,95.0,189.0,-39.0,-94.0,-93.0,-138.0,32.0,52.0,-390.0,-77.0,81.0,-92.0,-42.0,-716.0,47.0,10.0,106.0,71.0,155.0,80.0,-78.0,147.0,210.0,50.0,-35.0,37.0,192.0,92.0,-24.0,-84.0,398.0
7,2017-14,4875,593.0,212.0,-149.0,66.0,226.0,336.0,107.0,87.0,43.0,250.0,-42.0,58.0,-95.0,1748.0,-1283.0,-581.0,-122.0,59.0,-470.0,-817.0,-41.0,45.0,86.0,95.0,189.0,-39.0,-94.0,-93.0,-138.0,32.0,52.0,-390.0,-77.0,81.0,-92.0,-42.0,-716.0,47.0,10.0,106.0,71.0,155.0,80.0,-78.0,147.0,210.0,50.0,-35.0,37.0,192.0,92.0,-24.0,-84.0
7,2017-15,4749,-126.0,593.0,212.0,-149.0,66.0,226.0,336.0,107.0,87.0,43.0,250.0,-42.0,58.0,-95.0,1748.0,-1283.0,-581.0,-122.0,59.0,-470.0,-817.0,-41.0,45.0,86.0,95.0,189.0,-39.0,-94.0,-93.0,-138.0,32.0,52.0,-390.0,-77.0,81.0,-92.0,-42.0,-716.0,47.0,10.0,106.0,71.0,155.0,80.0,-78.0,147.0,210.0,50.0,-35.0,37.0,192.0,92.0,-24.0
7,2017-16,4869,120.0,-126.0,593.0,212.0,-149.0,66.0,226.0,336.0,107.0,87.0,43.0,250.0,-42.0,58.0,-95.0,1748.0,-1283.0,-581.0,-122.0,59.0,-470.0,-817.0,-41.0,45.0,86.0,95.0,189.0,-39.0,-94.0,-93.0,-138.0,32.0,52.0,-390.0,-77.0,81.0,-92.0,-42.0,-716.0,47.0,10.0,106.0,71.0,155.0,80.0,-78.0,147.0,210.0,50.0,-35.0,37.0,192.0,92.0
7,2017-17,4913,44.0,120.0,-126.0,593.0,212.0,-149.0,66.0,226.0,336.0,107.0,87.0,43.0,250.0,-42.0,58.0,-95.0,1748.0,-1283.0,-581.0,-122.0,59.0,-470.0,-817.0,-41.0,45.0,86.0,95.0,189.0,-39.0,-94.0,-93.0,-138.0,32.0,52.0,-390.0,-77.0,81.0,-92.0,-42.0,-716.0,47.0,10.0,106.0,71.0,155.0,80.0,-78.0,147.0,210.0,50.0,-35.0,37.0,192.0
7,2017-18,5166,253.0,44.0,120.0,-126.0,593.0,212.0,-149.0,66.0,226.0,336.0,107.0,87.0,43.0,250.0,-42.0,58.0,-95.0,1748.0,-1283.0,-581.0,-122.0,59.0,-470.0,-817.0,-41.0,45.0,86.0,95.0,189.0,-39.0,-94.0,-93.0,-138.0,32.0,52.0,-390.0,-77.0,81.0,-92.0,-42.0,-716.0,47.0,10.0,106.0,71.0,155.0,80.0,-78.0,147.0,210.0,50.0,-35.0,37.0
7,2017-19,5365,199.0,253.0,44.0,120.0,-126.0,593.0,212.0,-149.0,66.0,226.0,336.0,107.0,87.0,43.0,250.0,-42.0,58.0,-95.0,1748.0,-1283.0,-581.0,-122.0,59.0,-470.0,-817.0,-41.0,45.0,86.0,95.0,189.0,-39.0,-94.0,-93.0,-138.0,32.0,52.0,-390.0,-77.0,81.0,-92.0,-42.0,-716.0,47.0,10.0,106.0,71.0,155.0,80.0,-78.0,147.0,210.0,50.0,-35.0
7,2017-20,5241,-124.0,199.0,253.0,44.0,120.0,-126.0,593.0,212.0,-149.0,66.0,226.0,336.0,107.0,87.0,43.0,250.0,-42.0,58.0,-95.0,1748.0,-1283.0,-581.0,-122.0,59.0,-470.0,-817.0,-41.0,45.0,86.0,95.0,189.0,-39.0,-94.0,-93.0,-138.0,32.0,52.0,-390.0,-77.0,81.0,-92.0,-42.0,-716.0,47.0,10.0,106.0,71.0,155.0,80.0,-78.0,147.0,210.0,50.0
7,2017-21,5234,-7.0,-124.0,199.0,253.0,44.0,120.0,-126.0,593.0,212.0,-149.0,66.0,226.0,336.0,107.0,87.0,43.0,250.0,-42.0,58.0,-95.0,1748.0,-1283.0,-581.0,-122.0,59.0,-470.0,-817.0,-41.0,45.0,86.0,95.0,189.0,-39.0,-94.0,-93.0,-138.0,32.0,52.0,-390.0,-77.0,81.0,-92.0,-42.0,-716.0,47.0,10.0,106.0,71.0,155.0,80.0,-78.0,147.0,210.0
7,2017-22,5407,173.0,-7.0,-124.0,199.0,253.0,44.0,120.0,-126.0,593.0,212.0,-149.0,66.0,226.0,336.0,107.0,87.0,43.0,250.0,-42.0,58.0,-95.0,1748.0,-1283.0,-581.0,-122.0,59.0,-470.0,-817.0,-41.0,45.0,86.0,95.0,189.0,-39.0,-94.0,-93.0,-138.0,32.0,52.0,-390.0,-77.0,81.0,-92.0,-42.0,-716.0,47.0,10.0,106.0,71.0,155.0,80.0,-78.0,147.0
7,2017-23,5562,155.0,173.0,-7.0,-124.0,199.0,253.0,44.0,120.0,-126.0,593.0,212.0,-149.0,66.0,226.0,336.0,107.0,87.0,43.0,250.0,-42.0,58.0,-95.0,1748.0,-1283.0,-581.0,-122.0,59.0,-470.0,-817.0,-41.0,45.0,86.0,95.0,189.0,-39.0,-94.0,-93.0,-138.0,32.0,52.0,-390.0,-77.0,81.0,-92.0,-42.0,-716.0,47.0,10.0,106.0,71.0,155.0,80.0,-78.0
7,2017-24,5572,10.0,155.0,173.0,-7.0,-124.0,199.0,253.0,44.0,120.0,-126.0,593.0,212.0,-149.0,66.0,226.0,336.0,107.0,87.0,43.0,250.0,-42.0,58.0,-95.0,1748.0,-1283.0,-581.0,-122.0,59.0,-470.0,-817.0,-41.0,45.0,86.0,95.0,189.0,-39.0,-94.0,-93.0,-138.0,32.0,52.0,-390.0,-77.0,81.0,-92.0,-42.0,-716.0,47.0,10.0,106.0,71.0,155.0,80.0
7,2017-25,5522,-50.0,10.0,155.0,173.0,-7.0,-124.0,199.0,253.0,44.0,120.0,-126.0,593.0,212.0,-149.0,66.0,226.0,336.0,107.0,87.0,43.0,250.0,-42.0,58.0,-95.0,1748.0,-1283.0,-581.0,-122.0,59.0,-470.0,-817.0,-41.0,45.0,86.0,95.0,189.0,-39.0,-94.0,-93.0,-138.0,32.0,52.0,-390.0,-77.0,81.0,-92.0,-42.0,-716.0,47.0,10.0,106.0,71.0,155.0
7,2017-26,5611,89.0,-50.0,10.0,155.0,173.0,-7.0,-124.0,199.0,253.0,44.0,120.0,-126.0,593.0,212.0,-149.0,66.0,226.0,336.0,107.0,87.0,43.0,250.0,-42.0,58.0,-95.0,1748.0,-1283.0,-581.0,-122.0,59.0,-470.0,-817.0,-41.0,45.0,86.0,95.0,189.0,-39.0,-94.0,-93.0,-138.0,32.0,52.0,-390.0,-77.0,81.0,-92.0,-42.0,-716.0,47.0,10.0,106.0,71.0
7,2017-27,6000,389.0,89.0,-50.0,10.0,155.0,173.0,-7.0,-124.0,199.0,253.0,44.0,120.0,-126.0,593.0,212.0,-149.0,66.0,226.0,336.0,107.0,87.0,43.0,250.0,-42.0,58.0,-95.0,1748.0,-1283.0,-581.0,-122.0,59.0,-470.0,-817.0,-41.0,45.0,86.0,95.0,189.0,-39.0,-94.0,-93.0,-138.0,32.0,52.0,-390.0,-77.0,81.0,-92.0,-42.0,-716.0,47.0,10.0,106.0
7,2017-28,5902,-98.0,389.0,89.0,-50.0,10.0,155.0,173.0,-7.0,-124.0,199.0,253.0,44.0,120.0,-126.0,593.0,212.0,-149.0,66.0,226.0,336.0,107.0,87.0,43.0,250.0,-42.0,58.0,-95.0,1748.0,-1283.0,-581.0,-122.0,59.0,-470.0,-817.0,-41.0,45.0,86.0,95.0,189.0,-39.0,-94.0,-93.0,-138.0,32.0,52.0,-390.0,-77.0,81.0,-92.0,-42.0,-716.0,47.0,10.0
7,2017-29,5933,31.0,-98.0,389.0,89.0,-50.0,10.0,155.0,173.0,-7.0,-124.0,199.0,253.0,44.0,120.0,-126.0,593.0,212.0,-149.0,66.0,226.0,336.0,107.0,87.0,43.0,250.0,-42.0,58.0,-95.0,1748.0,-1283.0,-581.0,-122.0,59.0,-470.0,-817.0,-41.0,45.0,86.0,95.0,189.0,-39.0,-94.0,-93.0,-138.0,32.0,52.0,-390.0,-77.0,81.0,-92.0,-42.0,-716.0,47.0
7,2017-30,5890,-43.0,31.0,-98.0,389.0,89.0,-50.0,10.0,155.0,173.0,-7.0,-124.0,199.0,253.0,44.0,120.0,-126.0,593.0,212.0,-149.0,66.0,226.0,336.0,107.0,87.0,43.0,250.0,-42.0,58.0,-95.0,1748.0,-1283.0,-581.0,-122.0,59.0,-470.0,-817.0,-41.0,45.0,86.0,95.0,189.0,-39.0,-94.0,-93.0,-138.0,32.0,52.0,-390.0,-77.0,81.0,-92.0,-42.0,-716.0
7,2017-31,5255,-635.0,-43.0,31.0,-98.0,389.0,89.0,-50.0,10.0,155.0,173.0,-7.0,-124.0,199.0,253.0,44.0,120.0,-126.0,593.0,212.0,-149.0,66.0,226.0,336.0,107.0,87.0,43.0,250.0,-42.0,58.0,-95.0,1748.0,-1283.0,-581.0,-122.0,59.0,-470.0,-817.0,-41.0,45.0,86.0,95.0,189.0,-39.0,-94.0,-93.0,-138.0,32.0,52.0,-390.0,-77.0,81.0,-92.0,-42.0
7,2017-32,5122,-133.0,-635.0,-43.0,31.0,-98.0,389.0,89.0,-50.0,10.0,155.0,173.0,-7.0,-124.0,199.0,253.0,44.0,120.0,-126.0,593.0,212.0,-149.0,66.0,226.0,336.0,107.0,87.0,43.0,250.0,-42.0,58.0,-95.0,1748.0,-1283.0,-581.0,-122.0,59.0,-470.0,-817.0,-41.0,45.0,86.0,95.0,189.0,-39.0,-94.0,-93.0,-138.0,32.0,52.0,-390.0,-77.0,81.0,-92.0
7,2017-33,5208,86.0,-133.0,-635.0,-43.0,31.0,-98.0,389.0,89.0,-50.0,10.0,155.0,173.0,-7.0,-124.0,199.0,253.0,44.0,120.0,-126.0,593.0,212.0,-149.0,66.0,226.0,336.0,107.0,87.0,43.0,250.0,-42.0,58.0,-95.0,1748.0,-1283.0,-581.0,-122.0,59.0,-470.0,-817.0,-41.0,45.0,86.0,95.0,189.0,-39.0,-94.0,-93.0,-138.0,32.0,52.0,-390.0,-77.0,81.0
7,2017-34,5229,21.0,86.0,-133.0,-635.0,-43.0,31.0,-98.0,389.0,89.0,-50.0,10.0,155.0,173.0,-7.0,-124.0,199.0,253.0,44.0,120.0,-126.0,593.0,212.0,-149.0,66.0,226.0,336.0,107.0,87.0,43.0,250.0,-42.0,58.0,-95.0,1748.0,-1283.0,-581.0,-122.0,59.0,-470.0,-817.0,-41.0,45.0,86.0,95.0,189.0,-39.0,-94.0,-93.0,-138.0,32.0,52.0,-390.0,-77.0
7,2017-35,5035,-194.0,21.0,86.0,-133.0,-635.0,-43.0,31.0,-98.0,389.0,89.0,-50.0,10.0,155.0,173.0,-7.0,-124.0,199.0,253.0,44.0,120.0,-126.0,593.0,212.0,-149.0,66.0,226.0,336.0,107.0,87.0,43.0,250.0,-42.0,58.0,-95.0,1748.0,-1283.0,-581.0,-122.0,59.0,-470.0,-817.0,-41.0,45.0,86.0,95.0,189.0,-39.0,-94.0,-93.0,-138.0,32.0,52.0,-390.0
7,2017-36,4864,-171.0,-194.0,21.0,86.0,-133.0,-635.0,-43.0,31.0,-98.0,389.0,89.0,-50.0,10.0,155.0,173.0,-7.0,-124.0,199.0,253.0,44.0,120.0,-126.0,593.0,212.0,-149.0,66.0,226.0,336.0,107.0,87.0,43.0,250.0,-42.0,58.0,-95.0,1748.0,-1283.0,-581.0,-122.0,59.0,-470.0,-817.0,-41.0,45.0,86.0,95.0,189.0,-39.0,-94.0,-93.0,-138.0,32.0,52.0
7,2017-37,4933,69.0,-171.0,-194.0,21.0,86.0,-133.0,-635.0,-43.0,31.0,-98.0,389.0,89.0,-50.0,10.0,155.0,173.0,-7.0,-124.0,199.0,253.0,44.0,120.0,-126.0,593.0,212.0,-149.0,66.0,226.0,336.0,107.0,87.0,43.0,250.0,-42.0,58.0,-95.0,1748.0,-1283.0,-581.0,-122.0,59.0,-470.0,-817.0,-41.0,45.0,86.0,95.0,189.0,-39.0,-94.0,-93.0,-138.0,32.0
7,2017-38,4696,-237.0,69.0,-171.0,-194.0,21.0,86.0,-133.0,-635.0,-43.0,31.0,-98.0,389.0,89.0,-50.0,10.0,155.0,173.0,-7.0,-124.0,199.0,253.0,44.0,120.0,-126.0,593.0,212.0,-149.0,66.0,226.0,336.0,107.0,87.0,43.0,250.0,-42.0,58.0,-95.0,1748.0,-1283.0,-581.0,-122.0,59.0,-470.0,-817.0,-41.0,45.0,86.0,95.0,189.0,-39.0,-94.0,-93.0,-138.0
7,2017-39,4785,89.0,-237.0,69.0,-171.0,-194.0,21.0,86.0,-133.0,-635.0,-43.0,31.0,-98.0,389.0,89.0,-50.0,10.0,155.0,173.0,-7.0,-124.0,199.0,253.0,44.0,120.0,-126.0,593.0,212.0,-149.0,66.0,226.0,336.0,107.0,87.0,43.0,250.0,-42.0,58.0,-95.0,1748.0,-1283.0,-581.0,-122.0,59.0,-470.0,-817.0,-41.0,45.0,86.0,95.0,189.0,-39.0,-94.0,-93.0
7,2017-40,4512,-273.0,89.0,-237.0,69.0,-171.0,-194.0,21.0,86.0,-133.0,-635.0,-43.0,31.0,-98.0,389.0,89.0,-50.0,10.0,155.0,173.0,-7.0,-124.0,199.0,253.0,44.0,120.0,-126.0,593.0,212.0,-149.0,66.0,226.0,336.0,107.0,87.0,43.0,250.0,-42.0,58.0,-95.0,1748.0,-1283.0,-581.0,-122.0,59.0,-470.0,-817.0,-41.0,45.0,86.0,95.0,189.0,-39.0,-94.0
7,2017-41,4468,-44.0,-273.0,89.0,-237.0,69.0,-171.0,-194.0,21.0,86.0,-133.0,-635.0,-43.0,31.0,-98.0,389.0,89.0,-50.0,10.0,155.0,173.0,-7.0,-124.0,199.0,253.0,44.0,120.0,-126.0,593.0,212.0,-149.0,66.0,226.0,336.0,107.0,87.0,43.0,250.0,-42.0,58.0,-95.0,1748.0,-1283.0,-581.0,-122.0,59.0,-470.0,-817.0,-41.0,45.0,86.0,95.0,189.0,-39.0
7,2017-42,4627,159.0,-44.0,-273.0,89.0,-237.0,69.0,-171.0,-194.0,21.0,86.0,-133.0,-635.0,-43.0,31.0,-98.0,389.0,89.0,-50.0,10.0,155.0,173.0,-7.0,-124.0,199.0,253.0,44.0,120.0,-126.0,593.0,212.0,-149.0,66.0,226.0,336.0,107.0,87.0,43.0,250.0,-42.0,58.0,-95.0,1748.0,-1283.0,-581.0,-122.0,59.0,-470.0,-817.0,-41.0,45.0,86.0,95.0,189.0
7,2017-43,4479,-148.0,159.0,-44.0,-273.0,89.0,-237.0,69.0,-171.0,-194.0,21.0,86.0,-133.0,-635.0,-43.0,31.0,-98.0,389.0,89.0,-50.0,10.0,155.0,173.0,-7.0,-124.0,199.0,253.0,44.0,120.0,-126.0,593.0,212.0,-149.0,66.0,226.0,336.0,107.0,87.0,43.0,250.0,-42.0,58.0,-95.0,1748.0,-1283.0,-581.0,-122.0,59.0,-470.0,-817.0,-41.0,45.0,86.0,95.0
7,2017-44,4834,355.0,-148.0,159.0,-44.0,-273.0,89.0,-237.0,69.0,-171.0,-194.0,21.0,86.0,-133.0,-635.0,-43.0,31.0,-98.0,389.0,89.0,-50.0,10.0,155.0,173.0,-7.0,-124.0,199.0,253.0,44.0,120.0,-126.0,593.0,212.0,-149.0,66.0,226.0,336.0,107.0,87.0,43.0,250.0,-42.0,58.0,-95.0,1748.0,-1283.0,-581.0,-122.0,59.0,-470.0,-817.0,-41.0,45.0,86.0
7,2017-45,4865,31.0,355.0,-148.0,159.0,-44.0,-273.0,89.0,-237.0,69.0,-171.0,-194.0,21.0,86.0,-133.0,-635.0,-43.0,31.0,-98.0,389.0,89.0,-50.0,10.0,155.0,173.0,-7.0,-124.0,199.0,253.0,44.0,120.0,-126.0,593.0,212.0,-149.0,66.0,226.0,336.0,107.0,87.0,43.0,250.0,-42.0,58.0,-95.0,1748.0,-1283.0,-581.0,-122.0,59.0,-470.0,-817.0,-41.0,45.0
7,2017-46,4841,-24.0,31.0,355.0,-148.0,159.0,-44.0,-273.0,89.0,-237.0,69.0,-171.0,-194.0,21.0,86.0,-133.0,-635.0,-43.0,31.0,-98.0,389.0,89.0,-50.0,10.0,155.0,173.0,-7.0,-124.0,199.0,253.0,44.0,120.0,-126.0,593.0,212.0,-149.0,66.0,226.0,336.0,107.0,87.0,43.0,250.0,-42.0,58.0,-95.0,1748.0,-1283.0,-581.0,-122.0,59.0,-470.0,-817.0,-41.0
7,2017-47,4934,93.0,-24.0,31.0,355.0,-148.0,159.0,-44.0,-273.0,89.0,-237.0,69.0,-171.0,-194.0,21.0,86.0,-133.0,-635.0,-43.0,31.0,-98.0,389.0,89.0,-50.0,10.0,155.0,173.0,-7.0,-124.0,199.0,253.0,44.0,120.0,-126.0,593.0,212.0,-149.0,66.0,226.0,336.0,107.0,87.0,43.0,250.0,-42.0,58.0,-95.0,1748.0,-1283.0,-581.0,-122.0,59.0,-470.0,-817.0
7,2017-48,4093,-841.0,93.0,-24.0,31.0,355.0,-148.0,159.0,-44.0,-273.0,89.0,-237.0,69.0,-171.0,-194.0,21.0,86.0,-133.0,-635.0,-43.0,31.0,-98.0,389.0,89.0,-50.0,10.0,155.0,173.0,-7.0,-124.0,199.0,253.0,44.0,120.0,-126.0,593.0,212.0,-149.0,66.0,226.0,336.0,107.0,87.0,43.0,250.0,-42.0,58.0,-95.0,1748.0,-1283.0,-581.0,-122.0,59.0,-470.0
7,2017-49,3504,-589.0,-841.0,93.0,-24.0,31.0,355.0,-148.0,159.0,-44.0,-273.0,89.0,-237.0,69.0,-171.0,-194.0,21.0,86.0,-133.0,-635.0,-43.0,31.0,-98.0,389.0,89.0,-50.0,10.0,155.0,173.0,-7.0,-124.0,199.0,253.0,44.0,120.0,-126.0,593.0,212.0,-149.0,66.0,226.0,336.0,107.0,87.0,43.0,250.0,-42.0,58.0,-95.0,1748.0,-1283.0,-581.0,-122.0,59.0
7,2017-50,3400,-104.0,-589.0,-841.0,93.0,-24.0,31.0,355.0,-148.0,159.0,-44.0,-273.0,89.0,-237.0,69.0,-171.0,-194.0,21.0,86.0,-133.0,-635.0,-43.0,31.0,-98.0,389.0,89.0,-50.0,10.0,155.0,173.0,-7.0,-124.0,199.0,253.0,44.0,120.0,-126.0,593.0,212.0,-149.0,66.0,226.0,336.0,107.0,87.0,43.0,250.0,-42.0,58.0,-95.0,1748.0,-1283.0,-581.0,-122.0
7,2017-51,3498,98.0,-104.0,-589.0,-841.0,93.0,-24.0,31.0,355.0,-148.0,159.0,-44.0,-273.0,89.0,-237.0,69.0,-171.0,-194.0,21.0,86.0,-133.0,-635.0,-43.0,31.0,-98.0,389.0,89.0,-50.0,10.0,155.0,173.0,-7.0,-124.0,199.0,253.0,44.0,120.0,-126.0,593.0,212.0,-149.0,66.0,226.0,336.0,107.0,87.0,43.0,250.0,-42.0,58.0,-95.0,1748.0,-1283.0,-581.0
7,2017-52,4048,550.0,98.0,-104.0,-589.0,-841.0,93.0,-24.0,31.0,355.0,-148.0,159.0,-44.0,-273.0,89.0,-237.0,69.0,-171.0,-194.0,21.0,86.0,-133.0,-635.0,-43.0,31.0,-98.0,389.0,89.0,-50.0,10.0,155.0,173.0,-7.0,-124.0,199.0,253.0,44.0,120.0,-126.0,593.0,212.0,-149.0,66.0,226.0,336.0,107.0,87.0,43.0,250.0,-42.0,58.0,-95.0,1748.0,-1283.0
