item,date,sales,sales_diff,lag_1,lag_2,lag_3,lag_4,lag_5,lag_6,lag_7,lag_8,lag_9,lag_10,lag_11,lag_12,lag_13,lag_14,lag_15,lag_16,lag_17,lag_18,lag_19,lag_20,lag_21,lag_22,lag_23,lag_24,lag_25,lag_26,lag_27,lag_28,lag_29,lag_30,lag_31,lag_32,lag_33,lag_34,lag_35,lag_36,lag_37,lag_38,lag_39,lag_40,lag_41,lag_42,lag_43,lag_44,lag_45,lag_46,lag_47,lag_48,lag_49,lag_50,lag_51,lag_52
1,2014-02,972,-166.0,161.0,-7.0,70.0,-102.0,-330.0,-44.0,69.0,-68.0,51.0,139.0,-59.0,-21.0,22.0,-85.0,69.0,-113.0,62.0,-100.0,-72.0,66.0,-37.0,-20.0,-111.0,-51.0,-33.0,89.0,45.0,-17.0,5.0,31.0,59.0,16.0,26.0,5.0,39.0,58.0,-6.0,-47.0,-43.0,273.0,-11.0,26.0,-48.0,86.0,135.0,14.0,12.0,-19.0,155.0,-66.0,2.0,-176.0
1,2014-03,981,9.0,-166.0,161.0,-7.0,70.0,-102.0,-330.0,-44.0,69.0,-68.0,51.0,139.0,-59.0,-21.0,22.0,-85.0,69.0,-113.0,62.0,-100.0,-72.0,66.0,-37.0,-20.0,-111.0,-51.0,-33.0,89.0,45.0,-17.0,5.0,31.0,59.0,16.0,26.0,5.0,39.0,58.0,-6.0,-47.0,-43.0,273.0,-11.0,26.0,-48.0,86.0,135.0,14.0,12.0,-19.0,155.0,-66.0,2.0
1,2014-04,996,15.0,9.0,-166.0,161.0,-7.0,70.0,-102.0,-330.0,-44.0,69.0,-68.0,51.0,139.0,-59.0,-21.0,22.0,-85.0,69.0,-113.0,62.0,-100.0,-72.0,66.0,-37.0,-20.0,-111.0,-51.0,-33.0,89.0,45.0,-17.0,5.0,31.0,59.0,16.0,26.0,5.0,39.0,58.0,-6.0,-47.0,-43.0,273.0,-11.0,26.0,-48.0,86.0,135.0,14.0,12.0,-19.0,155.0,-66.0
1,2014-05,991,-5.0,15.0,9.0,-166.0,161.0,-7.0,70.0,-102.0,-330.0,-44.0,69.0,-68.0,51.0,139.0,-59.0,-21.0,22.0,-85.0,69.0,-113.0,62.0,-100.0,-72.0,66.0,-37.0,-20.0,-111.0,-51.0,-33.0,89.0,45.0,-17.0,5.0,31.0,59.0,16.0,26.0,5.0,39.0,58.0,-6.0,-47.0,-43.0,273.0,-11.0,26.0,-48.0,86.0,135.0,14.0,12.0,-19.0,155.0
1,2014-06,1130,139.0,-5.0,15.0,9.0,-166.0,161.0,-7.0,70.0,-102.0,-330.0,-44.0,69.0,-68.0,51.0,139.0,-59.0,-21.0,22.0,-85.0,69.0,-113.0,62.0,-100.0,-72.0,66.0,-37.0,-20.0,-111.0,-51.0,-33.0,89.0,45.0,-17.0,5.0,31.0,59.0,16.0,26.0,5.0,39.0,58.0,-6.0,-47.0,-43.0,273.0,-11.0,26.0,-48.0,86.0,135.0,14.0,12.0,-19.0
1,2014-07,1044,-86.0,139.0,-5.0,15.0,9.0,-166.0,161.0,-7.0,70.0,-102.0,-330.0,-44.0,69.0,-68.0,51.0,139.0,-59.0,-21.0,22.0,-85.0,69.0,-113.0,62.0,-100.0,-72.0,66.0,-37.0,-20.0,-111.0,-51.0,-33.0,89.0,45.0,-17.0,5.0,31.0,59.0,16.0,26.0,5.0,39.0,58.0,-6.0,-47.0,-43.0,273.0,-11.0,26.0,-48.0,86.0,135.0,14.0,12.0
1,2014-08,1105,61.0,-86.0,139.0,-5.0,15.0,9.0,-166.0,161.0,-7.0,70.0,-102.0,-330.0,-44.0,69.0,-68.0,51.0,139.0,-59.0,-21.0,22.0,-85.0,69.0,-113.0,62.0,-100.0,-72.0,66.0,-37.0,-20.0,-111.0,-51.0,-33.0,89.0,45.0,-17.0,5.0,31.0,59.0,16.0,26.0,5.0,39.0,58.0,-6.0,-47.0,-43.0,273.0,-11.0,26.0,-48.0,86.0,135.0,14.0
1,2014-09,1194,89.0,61.0,-86.0,139.0,-5.0,15.0,9.0,-166.0,161.0,-7.0,70.0,-102.0,-330.0,-44.0,69.0,-68.0,51.0,139.0,-59.0,-21.0,22.0,-85.0,69.0,-113.0,62.0,-100.0,-72.0,66.0,-37.0,-20.0,-111.0,-51.0,-33.0,89.0,45.0,-17.0,5.0,31.0,59.0,16.0,26.0,5.0,39.0,58.0,-6.0,-47.0,-43.0,273.0,-11.0,26.0,-48.0,86.0,135.0
1,2014-10,1311,117.0,89.0,61.0,-86.0,139.0,-5.0,15.0,9.0,-166.0,161.0,-7.0,70.0,-102.0,-330.0,-44.0,69.0,-68.0,51.0,139.0,-59.0,-21.0,22.0,-85.0,69.0,-113.0,62.0,-100.0,-72.0,66.0,-37.0,-20.0,-111.0,-51.0,-33.0,89.0,45.0,-17.0,5.0,31.0,59.0,16.0,26.0,5.0,39.0,58.0,-6.0,-47.0,-43.0,273.0,-11.0,26.0,-48.0,86.0
1,2014-11,1345,34.0,117.0,89.0,61.0,-86.0,139.0,-5.0,15.0,9.0,-166.0,161.0,-7.0,70.0,-102.0,-330.0,-44.0,69.0,-68.0,51.0,139.0,-59.0,-21.0,22.0,-85.0,69.0,-113.0,62.0,-100.0,-72.0,66.0,-37.0,-20.0,-111.0,-51.0,-33.0,89.0,45.0,-17.0,5.0,31.0,59.0,16.0,26.0,5.0,39.0,58.0,-6.0,-47.0,-43.0,273.0,-11.0,26.0,-48.0
1,2014-12,1341,-4.0,34.0,117.0,89.0,61.0,-86.0,139.0,-5.0,15.0,9.0,-166.0,161.0,-7.0,70.0,-102.0,-330.0,-44.0,69.0,-68.0,51.0,139.0,-59.0,-21.0,22.0,-85.0,69.0,-113.0,62.0,-100.0,-72.0,66.0,-37.0,-20.0,-111.0,-51.0,-33.0,89.0,45.0,-17.0,5.0,31.0,59.0,16.0,26.0,5.0,39.0,58.0,-6.0,-47.0,-43.0,273.0,-11.0,26.0
1,2014-13,1315,-26.0,-4.0,34.0,117.0,89.0,61.0,-86.0,139.0,-5.0,15.0,9.0,-166.0,161.0,-7.0,70.0,-102.0,-330.0,-44.0,69.0,-68.0,51.0,139.0,-59.0,-21.0,22.0,-85.0,69.0,-113.0,62.0,-100.0,-72.0,66.0,-37.0,-20.0,-111.0,-51.0,-33.0,89.0,45.0,-17.0,5.0,31.0,59.0,16.0,26.0,5.0,39.0,58.0,-6.0,-47.0,-43.0,273.0,-11.0
1,2014-14,1500,185.0,-26.0,-4.0,34.0,117.0,89.0,61.0,-86.0,139.0,-5.0,15.0,9.0,-166.0,161.0,-7.0,70.0,-102.0,-330.0,-44.0,69.0,-68.0,51.0,139.0,-59.0,-21.0,22.0,-85.0,69.0,-113.0,62.0,-100.0,-72.0,66.0,-37.0,-20.0,-111.0,-51.0,-33.0,89.0,45.0,-17.0,5.0,31.0,59.0,16.0,26.0,5.0,39.0,58.0,-6.0,-47.0,-43.0,273.0
1,2014-15,1502,2.0,185.0,-26.0,-4.0,34.0,117.0,89.0,61.0,-86.0,139.0,-5.0,15.0,9.0,-166.0,161.0,-7.0,70.0,-102.0,-330.0,-44.0,69.0,-68.0,51.0,139.0,-59.0,-21.0,22.0,-85.0,69.0,-113.0,62.0,-100.0,-72.0,66.0,-37.0,-20.0,-111.0,-51.0,-33.0,89.0,45.0,-17.0,5.0,31.0,59.0,16.0,26.0,5.0,39.0,58.0,-6.0,-47.0,-43.0
1,2014-16,1523,21.0,2.0,185.0,-26.0,-4.0,34.0,117.0,89.0,61.0,-86.0,139.0,-5.0,15.0,9.0,-166.0,161.0,-7.0,70.0,-102.0,-330.0,-44.0,69.0,-68.0,51.0,139.0,-59.0,-21.0,22.0,-85.0,69.0,-113.0,62.0,-100.0,-72.0,66.0,-37.0,-20.0,-111.0,-51.0,-33.0,89.0,45.0,-17.0,5.0,31.0,59.0,16.0,26.0,5.0,39.0,58.0,-6.0,-47.0
1,2014-17,1579,56.0,21.0,2.0,185.0,-26.0,-4.0,34.0,117.0,89.0,61.0,-86.0,139.0,-5.0,15.0,9.0,-166.0,161.0,-7.0,70.0,-102.0,-330.0,-44.0,69.0,-68.0,51.0,139.0,-59.0,-21.0,22.0,-85.0,69.0,-113.0,62.0,-100.0,-72.0,66.0,-37.0,-20.0,-111.0,-51.0,-33.0,89.0,45.0,-17.0,5.0,31.0,59.0,16.0,26.0,5.0,39.0,58.0,-6.0
1,2014-18,1597,18.0,56.0,21.0,2.0,185.0,-26.0,-4.0,34.0,117.0,89.0,61.0,-86.0,139.0,-5.0,15.0,9.0,-166.0,161.0,-7.0,70.0,-102.0,-330.0,-44.0,69.0,-68.0,51.0,139.0,-59.0,-21.0,22.0,-85.0,69.0,-113.0,62.0,-100.0,-72.0,66.0,-37.0,-20.0,-111.0,-51.0,-33.0,89.0,45.0,-17.0,5.0,31.0,59.0,16.0,26.0,5.0,39.0,58.0
1,2014-19,1645,48.0,18.0,56.0,21.0,2.0,185.0,-26.0,-4.0,34.0,117.0,89.0,61.0,-86.0,139.0,-5.0,15.0,9.0,-166.0,161.0,-7.0,70.0,-102.0,-330.0,-44.0,69.0,-68.0,51.0,139.0,-59.0,-21.0,22.0,-85.0,69.0,-113.0,62.0,-100.0,-72.0,66.0,-37.0,-20.0,-111.0,-51.0,-33.0,89.0,45.0,-17.0,5.0,31.0,59.0,16.0,26.0,5.0,39.0
1,2014-20,1676,31.0,48.0,18.0,56.0,21.0,2.0,185.0,-26.0,-4.0,34.0,117.0,89.0,61.0,-86.0,139.0,-5.0,15.0,9.0,-166.0,161.0,-7.0,70.0,-102.0,-330.0,-44.0,69.0,-68.0,51.0,139.0,-59.0,-21.0,22.0,-85.0,69.0,-113.0,62.0,-100.0,-72.0,66.0,-37.0,-20.0,-111.0,-51.0,-33.0,89.0,45.0,-17.0,5.0,31.0,59.0,16.0,26.0,5.0
1,2014-21,1654,-22.0,31.0,48.0,18.0,56.0,21.0,2.0,185.0,-26.0,-4.0,34.0,117.0,89.0,61.0,-86.0,139.0,-5.0,15.0,9.0,-166.0,161.0,-7.0,70.0,-102.0,-330.0,-44.0,69.0,-68.0,51.0,139.0,-59.0,-21.0,22.0,-85.0,69.0,-113.0,62.0,-100.0,-72.0,66.0,-37.0,-20.0,-111.0,-51.0,-33.0,89.0,45.0,-17.0,5.0,31.0,59.0,16.0,26.0
1,2014-22,1704,50.0,-22.0,31.0,48.0,18.0,56.0,21.0,2.0,185.0,-26.0,-4.0,34.0,117.0,89.0,61.0,-86.0,139.0,-5.0,15.0,9.0,-166.0,161.0,-7.0,70.0,-102.0,-330.0,-44.0,69.0,-68.0,51.0,139.0,-59.0,-21.0,22.0,-85.0,69.0,-113.0,62.0,-100.0,-72.0,66.0,-37.0,-20.0,-111.0,-51.0,-33.0,89.0,45.0,-17.0,5.0,31.0,59.0,16.0
1,2014-23,1758,54.0,50.0,-22.0,31.0,48.0,18.0,56.0,21.0,2.0,185.0,-26.0,-4.0,34.0,117.0,89.0,61.0,-86.0,139.0,-5.0,15.0,9.0,-166.0,161.0,-7.0,70.0,-102.0,-330.0,-44.0,69.0,-68.0,51.0,139.0,-59.0,-21.0,22.0,-85.0,69.0,-113.0,62.0,-100.0,-72.0,66.0,-37.0,-20.0,-111.0,-51.0,-33.0,89.0,45.0,-17.0,5.0,31.0,59.0
1,2014-24,1919,161.0,54.0,50.0,-22.0,31.0,48.0,18.0,56.0,21.0,2.0,185.0,-26.0,-4.0,34.0,117.0,89.0,61.0,-86.0,139.0,-5.0,15.0,9.0,-166.0,161.0,-7.0,70.0,-102.0,-330.0,-44.0,69.0,-68.0,51.0,139.0,-59.0,-21.0,22.0,-85.0,69.0,-113.0,62.0,-100.0,-72.0,66.0,-37.0,-20.0,-111.0,-51.0,-33.0,89.0,45.0,-17.0,5.0,31.0
1,2014-25,1881,-38.0,161.0,54.0,50.0,-22.0,31.0,48.0,18.0,56.0,21.0,2.0,185.0,-26.0,-4.0,34.0,117.0,89.0,61.0,-86.0,139.0,-5.0,15.0,9.0,-166.0,161.0,-7.0,70.0,-102.0,-330.0,-44.0,69.0,-68.0,51.0,139.0,-59.0,-21.0,22.0,-85.0,69.0,-113.0,62.0,-100.0,-72.0,66.0,-37.0,-20.0,-111.0,-51.0,-33.0,89.0,45.0,-17.0,5.0
1,2014-26,1814,-67.0,-38.0,161.0,54.0,50.0,-22.0,31.0,48.0,18.0,56.0,21.0,2.0,185.0,-26.0,-4.0,34.0,117.0,89.0,61.0,-86.0,139.0,-5.0,15.0,9.0,-166.0,161.0,-7.0,70.0,-102.0,-330.0,-44.0,69.0,-68.0,51.0,139.0,-59.0,-21.0,22.0,-85.0,69.0,-113.0,62.0,-100.0,-72.0,66.0,-37.0,-20.0,-111.0,-51.0,-33.0,89.0,45.0,-17.0
1,2014-27,1837,23.0,-67.0,-38.0,161.0,54.0,50.0,-22.0,31.0,48.0,18.0,56.0,21.0,2.0,185.0,-26.0,-4.0,34.0,117.0,89.0,61.0,-86.0,139.0,-5.0,15.0,9.0,-166.0,161.0,-7.0,70.0,-102.0,-330.0,-44.0,69.0,-68.0,51.0,139.0,-59.0,-21.0,22.0,-85.0,69.0,-113.0,62.0,-100.0,-72.0,66.0,-37.0,-20.0,-111.0,-51.0,-33.0,89.0,45.0
1,2014-28,1825,-12.0,23.0,-67.0,-38.0,161.0,54.0,50.0,-22.0,31.0,48.0,18.0,56.0,21.0,2.0,185.0,-26.0,-4.0,34.0,117.0,89.0,61.0,-86.0,139.0,-5.0,15.0,9.0,-166.0,161.0,-7.0,70.0,-102.0,-330.0,-44.0,69.0,-68.0,51.0,139.0,-59.0,-21.0,22.0,-85.0,69.0,-113.0,62.0,-100.0,-72.0,66.0,-37.0,-20.0,-111.0,-51.0,-33.0,89.0
1,2014-29,1944,119.0,-12.0,23.0,-67.0,-38.0,161.0,54.0,50.0,-22.0,31.0,48.0,18.0,56.0,21.0,2.0,185.0,-26.0,-4.0,34.0,117.0,89.0,61.0,-86.0,139.0,-5.0,15.0,9.0,-166.0,161.0,-7.0,70.0,-102.0,-330.0,-44.0,69.0,-68.0,51.0,139.0,-59.0,-21.0,22.0,-85.0,69.0,-113.0,62.0,-100.0,-72.0,66.0,-37.0,-20.0,-111.0,-51.0,-33.0
1,2014-30,1964,20.0,119.0,-12.0,23.0,-67.0,-38.0,161.0,54.0,50.0,-22.0,31.0,48.0,18.0,56.0,21.0,2.0,185.0,-26.0,-4.0,34.0,117.0,89.0,61.0,-86.0,139.0,-5.0,15.0,9.0,-166.0,161.0,-7.0,70.0,-102.0,-330.0,-44.0,69.0,-68.0,51.0,139.0,-59.0,-21.0,22.0,-85.0,69.0,-113.0,62.0,-100.0,-72.0,66.0,-37.0,-20.0,-111.0,-51.0
1,2014-31,1763,-201.0,20.0,119.0,-12.0,23.0,-67.0,-38.0,161.0,54.0,50.0,-22.0,31.0,48.0,18.0,56.0,21.0,2.0,185.0,-26.0,-4.0,34.0,117.0,89.0,61.0,-86.0,139.0,-5.0,15.0,9.0,-166.0,161.0,-7.0,70.0,-102.0,-330.0,-44.0,69.0,-68.0,51.0,139.0,-59.0,-21.0,22.0,-85.0,69.0,-113.0,62.0,-100.0,-72.0,66.0,-37.0,-20.0,-111.0
1,2014-32,1633,-130.0,-201.0,20.0,119.0,-12.0,23.0,-67.0,-38.0,161.0,54.0,50.0,-22.0,31.0,48.0,18.0,56.0,21.0,2.0,185.0,-26.0,-4.0,34.0,117.0,89.0,61.0,-86.0,139.0,-5.0,15.0,9.0,-166.0,161.0,-7.0,70.0,-102.0,-330.0,-44.0,69.0,-68.0,51.0,139.0,-59.0,-21.0,22.0,-85.0,69.0,-113.0,62.0,-100.0,-72.0,66.0,-37.0,-20.0
1,2014-33,1630,-3.0,-130.0,-201.0,20.0,119.0,-12.0,23.0,-67.0,-38.0,161.0,54.0,50.0,-22.0,31.0,48.0,18.0,56.0,21.0,2.0,185.0,-26.0,-4.0,34.0,117.0,89.0,61.0,-86.0,139.0,-5.0,15.0,9.0,-166.0,161.0,-7.0,70.0,-102.0,-330.0,-44.0,69.0,-68.0,51.0,139.0,-59.0,-21.0,22.0,-85.0,69.0,-113.0,62.0,-100.0,-72.0,66.0,-37.0
1,2014-34,1622,-8.0,-3.0,-130.0,-201.0,20.0,119.0,-12.0,23.0,-67.0,-38.0,161.0,54.0,50.0,-22.0,31.0,48.0,18.0,56.0,21.0,2.0,185.0,-26.0,-4.0,34.0,117.0,89.0,61.0,-86.0,139.0,-5.0,15.0,9.0,-166.0,161.0,-7.0,70.0,-102.0,-330.0,-44.0,69.0,-68.0,51.0,139.0,-59.0,-21.0,22.0,-85.0,69.0,-113.0,62.0,-100.0,-72.0,66.0
1,2014-35,1703,81.0,-8.0,-3.0,-130.0,-201.0,20.0,119.0,-12.0,23.0,-67.0,-38.0,161.0,54.0,50.0,-22.0,31.0,48.0,18.0,56.0,21.0,2.0,185.0,-26.0,-4.0,34.0,117.0,89.0,61.0,-86.0,139.0,-5.0,15.0,9.0,-166.0,161.0,-7.0,70.0,-102.0,-330.0,-44.0,69.0,-68.0,51.0,139.0,-59.0,-21.0,22.0,-85.0,69.0,-113.0,62.0,-100.0,-72.0
1,2014-36,1595,-108.0,81.0,-8.0,-3.0,-130.0,-201.0,20.0,119.0,-12.0,23.0,-67.0,-38.0,161.0,54.0,50.0,-22.0,31.0,48.0,18.0,56.0,21.0,2.0,185.0,-26.0,-4.0,34.0,117.0,89.0,61.0,-86.0,139.0,-5.0,15.0,9.0,-166.0,161.0,-7.0,70.0,-102.0,-330.0,-44.0,69.0,-68.0,51.0,139.0,-59.0,-21.0,22.0,-85.0,69.0,-113.0,62.0,-100.0
1,2014-37,1568,-27.0,-108.0,81.0,-8.0,-3.0,-130.0,-201.0,20.0,119.0,-12.0,23.0,-67.0,-38.0,161.0,54.0,50.0,-22.0,31.0,48.0,18.0,56.0,21.0,2.0,185.0,-26.0,-4.0,34.0,117.0,89.0,61.0,-86.0,139.0,-5.0,15.0,9.0,-166.0,161.0,-7.0,70.0,-102.0,-330.0,-44.0,69.0,-68.0,51.0,139.0,-59.0,-21.0,22.0,-85.0,69.0,-113.0,62.0
1,2014-38,1544,-24.0,-27.0,-108.0,81.0,-8.0,-3.0,-130.0,-201.0,20.0,119.0,-12.0,23.0,-67.0,-38.0,161.0,54.0,50.0,-22.0,31.0,48.0,18.0,56.0,21.0,2.0,185.0,-26.0,-4.0,34.0,117.0,89.0,61.0,-86.0,139.0,-5.0,15.0,9.0,-166.0,161.0,-7.0,70.0,-102.0,-330.0,-44.0,69.0,-68.0,51.0,139.0,-59.0,-21.0,22.0,-85.0,69.0,-113.0
1,2014-39,1516,-28.0,-24.0,-27.0,-108.0,81.0,-8.0,-3.0,-130.0,-201.0,20.0,119.0,-12.0,23.0,-67.0,-38.0,161.0,54.0,50.0,-22.0,31.0,48.0,18.0,56.0,21.0,2.0,185.0,-26.0,-4.0,34.0,117.0,89.0,61.0,-86.0,139.0,-5.0,15.0,9.0,-166.0,161.0,-7.0,70.0,-102.0,-330.0,-44.0,69.0,-68.0,51.0,139.0,-59.0,-21.0,22.0,-85.0,69.0
1,2014-40,1476,-40.0,-28.0,-24.0,-27.0,-108.0,81.0,-8.0,-3.0,-130.0,-201.0,20.0,119.0,-12.0,23.0,-67.0,-38.0,161.0,54.0,50.0,-22.0,31.0,48.0,18.0,56.0,21.0,2.0,185.0,-26.0,-4.0,34.0,117.0,89.0,61.0,-86.0,139.0,-5.0,15.0,9.0,-166.0,161.0,-7.0,70.0,-102.0,-330.0,-44.0,69.0,-68.0,51.0,139.0,-59.0,-21.0,22.0,-85.0
1,2014-41,1454,-22.0,-40.0,-28.0,-24.0,-27.0,-108.0,81.0,-8.0,-3.0,-130.0,-201.0,20.0,119.0,-12.0,23.0,-67.0,-38.0,161.0,54.0,50.0,-22.0,31.0,48.0,18.0,56.0,21.0,2.0,185.0,-26.0,-4.0,34.0,117.0,89.0,61.0,-86.0,139.0,-5.0,15.0,9.0,-166.0,161.0,-7.0,70.0,-102.0,-330.0,-44.0,69.0,-68.0,51.0,139.0,-59.0,-21.0,22.0
1,2014-42,1442,-12.0,-22.0,-40.0,-28.0,-24.0,-27.0,-108.0,81.0,-8.0,-3.0,-130.0,-201.0,20.0,119.0,-12.0,23.0,-67.0,-38.0,161.0,54.0,50.0,-22.0,31.0,48.0,18.0,56.0,21.0,2.0,185.0,-26.0,-4.0,34.0,117.0,89.0,61.0,-86.0,139.0,-5.0,15.0,9.0,-166.0,161.0,-7.0,70.0,-102.0,-330.0,-44.0,69.0,-68.0,51.0,139.0,-59.0,-21.0
1,2014-43,1467,25.0,-12.0,-22.0,-40.0,-28.0,-24.0,-27.0,-108.0,81.0,-8.0,-3.0,-130.0,-201.0,20.0,119.0,-12.0,23.0,-67.0,-38.0,161.0,54.0,50.0,-22.0,31.0,48.0,18.0,56.0,21.0,2.0,185.0,-26.0,-4.0,34.0,117.0,89.0,61.0,-86.0,139.0,-5.0,15.0,9.0,-166.0,161.0,-7.0,70.0,-102.0,-330.0,-44.0,69.0,-68.0,51.0,139.0,-59.0
1,2014-44,1432,-35.0,25.0,-12.0,-22.0,-40.0,-28.0,-24.0,-27.0,-108.0,81.0,-8.0,-3.0,-130.0,-201.0,20.0,119.0,-12.0,23.0,-67.0,-38.0,161.0,54.0,50.0,-22.0,31.0,48.0,18.0,56.0,21.0,2.0,185.0,-26.0,-4.0,34.0,117.0,89.0,61.0,-86.0,139.0,-5.0,15.0,9.0,-166.0,161.0,-7.0,70.0,-102.0,-330.0,-44.0,69.0,-68.0,51.0,139.0
1,2014-45,1542,110.0,-35.0,25.0,-12.0,-22.0,-40.0,-28.0,-24.0,-27.0,-108.0,81.0,-8.0,-3.0,-130.0,-201.0,20.0,119.0,-12.0,23.0,-67.0,-38.0,161.0,54.0,50.0,-22.0,31.0,48.0,18.0,56.0,21.0,2.0,185.0,-26.0,-4.0,34.0,117.0,89.0,61.0,-86.0,139.0,-5.0,15.0,9.0,-166.0,161.0,-7.0,70.0,-102.0,-330.0,-44.0,69.0,-68.0,51.0
1,2014-46,1554,12.0,110.0,-35.0,25.0,-12.0,-22.0,-40.0,-28.0,-24.0,-27.0,-108.0,81.0,-8.0,-3.0,-130.0,-201.0,20.0,119.0,-12.0,23.0,-67.0,-38.0,161.0,54.0,50.0,-22.0,31.0,48.0,18.0,56.0,21.0,2.0,185.0,-26.0,-4.0,34.0,117.0,89.0,61.0,-86.0,139.0,-5.0,15.0,9.0,-166.0,161.0,-7.0,70.0,-102.0,-330.0,-44.0,69.0,-68.0
1,2014-47,1594,40.0,12.0,110.0,-35.0,25.0,-12.0,-22.0,-40.0,-28.0,-24.0,-27.0,-108.0,81.0,-8.0,-3.0,-130.0,-201.0,20.0,119.0,-12.0,23.0,-67.0,-38.0,161.0,54.0,50.0,-22.0,31.0,48.0,18.0,56.0,21.0,2.0,185.0,-26.0,-4.0,34.0,117.0,89.0,61.0,-86.0,139.0,-5.0,15.0,9.0,-166.0,161.0,-7.0,70.0,-102.0,-330.0,-44.0,69.0
1,2014-48,1568,-26.0,40.0,12.0,110.0,-35.0,25.0,-12.0,-22.0,-40.0,-28.0,-24.0,-27.0,-108.0,81.0,-8.0,-3.0,-130.0,-201.0,20.0,119.0,-12.0,23.0,-67.0,-38.0,161.0,54.0,50.0,-22.0,31.0,48.0,18.0,56.0,21.0,2.0,185.0,-26.0,-4.0,34.0,117.0,89.0,61.0,-86.0,139.0,-5.0,15.0,9.0,-166.0,161.0,-7.0,70.0,-102.0,-330.0,-44.0
1,2014-49,1123,-445.0,-26.0,40.0,12.0,110.0,-35.0,25.0,-12.0,-22.0,-40.0,-28.0,-24.0,-27.0,-108.0,81.0,-8.0,-3.0,-130.0,-201.0,20.0,119.0,-12.0,23.0,-67.0,-38.0,161.0,54.0,50.0,-22.0,31.0,48.0,18.0,56.0,21.0,2.0,185.0,-26.0,-4.0,34.0,117.0,89.0,61.0,-86.0,139.0,-5.0,15.0,9.0,-166.0,161.0,-7.0,70.0,-102.0,-330.0
1,2014-50,1078,-45.0,-445.0,-26.0,40.0,12.0,110.0,-35.0,25.0,-12.0,-22.0,-40.0,-28.0,-24.0,-27.0,-108.0,81.0,-8.0,-3.0,-130.0,-201.0,20.0,119.0,-12.0,23.0,-67.0,-38.0,161.0,54.0,50.0,-22.0,31.0,48.0,18.0,56.0,21.0,2.0,185.0,-26.0,-4.0,34.0,117.0,89.0,61.0,-86.0,139.0,-5.0,15.0,9.0,-166.0,161.0,-7.0,70.0,-102.0
1,2014-51,1115,37.0,-45.0,-445.0,-26.0,40.0,12.0,110.0,-35.0,25.0,-12.0,-22.0,-40.0,-28.0,-24.0,-27.0,-108.0,81.0,-8.0,-3.0,-130.0,-201.0,20.0,119.0,-12.0,23.0,-67.0,-38.0,161.0,54.0,50.0,-22.0,31.0,48.0,18.0,56.0,21.0,2.0,185.0,-26.0,-4.0,34.0,117.0,89.0,61.0,-86.0,139.0,-5.0,15.0,9.0,-166.0,161.0,-7.0,70.0
1,2014-52,1173,58.0,37.0,-45.0,-445.0,-26.0,40.0,12.0,110.0,-35.0,25.0,-12.0,-22.0,-40.0,-28.0,-24.0,-27.0,-108.0,81.0,-8.0,-3.0,-130.0,-201.0,20.0,119.0,-12.0,23.0,-67.0,-38.0,161.0,54.0,50.0,-22.0,31.0,48.0,18.0,56.0,21.0,2.0,185.0,-26.0,-4.0,34.0,117.0,89.0,61.0,-86.0,139.0,-5.0,15.0,9.0,-166.0,161.0,-7.0
1,2015-01,650,-523.0,58.0,37.0,-45.0,-445.0,-26.0,40.0,12.0,110.0,-35.0,25.0,-12.0,-22.0,-40.0,-28.0,-24.0,-27.0,-108.0,81.0,-8.0,-3.0,-130.0,-201.0,20.0,119.0,-12.0,23.0,-67.0,-38.0,161.0,54.0,50.0,-22.0,31.0,48.0,18.0,56.0,21.0,2.0,185.0,-26.0,-4.0,34.0,117.0,89.0,61.0,-86.0,139.0,-5.0,15.0,9.0,-166.0,161.0
1,2015-02,1062,412.0,-523.0,58.0,37.0,-45.0,-445.0,-26.0,40.0,12.0,110.0,-35.0,25.0,-12.0,-22.0,-40.0,-28.0,-24.0,-27.0,-108.0,81.0,-8.0,-3.0,-130.0,-201.0,20.0,119.0,-12.0,23.0,-67.0,-38.0,161.0,54.0,50.0,-22.0,31.0,48.0,18.0,56.0,21.0,2.0,185.0,-26.0,-4.0,34.0,117.0,89.0,61.0,-86.0,139.0,-5.0,15.0,9.0,-166.0
1,2015-03,990,-72.0,412.0,-523.0,58.0,37.0,-45.0,-445.0,-26.0,40.0,12.0,110.0,-35.0,25.0,-12.0,-22.0,-40.0,-28.0,-24.0,-27.0,-108.0,81.0,-8.0,-3.0,-130.0,-201.0,20.0,119.0,-12.0,23.0,-67.0,-38.0,161.0,54.0,50.0,-22.0,31.0,48.0,18.0,56.0,21.0,2.0,185.0,-26.0,-4.0,34.0,117.0,89.0,61.0,-86.0,139.0,-5.0,15.0,9.0
1,2015-04,1072,82.0,-72.0,412.0,-523.0,58.0,37.0,-45.0,-445.0,-26.0,40.0,12.0,110.0,-35.0,25.0,-12.0,-22.0,-40.0,-28.0,-24.0,-27.0,-108.0,81.0,-8.0,-3.0,-130.0,-201.0,20.0,119.0,-12.0,23.0,-67.0,-38.0,161.0,54.0,50.0,-22.0,31.0,48.0,18.0,56.0,21.0,2.0,185.0,-26.0,-4.0,34.0,117.0,89.0,61.0,-86.0,139.0,-5.0,15.0
1,2015-05,1057,-15.0,82.0,-72.0,412.0,-523.0,58.0,37.0,-45.0,-445.0,-26.0,40.0,12.0,110.0,-35.0,25.0,-12.0,-22.0,-40.0,-28.0,-24.0,-27.0,-108.0,81.0,-8.0,-3.0,-130.0,-201.0,20.0,119.0,-12.0,23.0,-67.0,-38.0,161.0,54.0,50.0,-22.0,31.0,48.0,18.0,56.0,21.0,2.0,185.0,-26.0,-4.0,34.0,117.0,89.0,61.0,-86.0,139.0,-5.0
1,2015-06,1127,70.0,-15.0,82.0,-72.0,412.0,-523.0,58.0,37.0,-45.0,-445.0,-26.0,40.0,12.0,110.0,-35.0,25.0,-12.0,-22.0,-40.0,-28.0,-24.0,-27.0,-108.0,81.0,-8.0,-3.0,-130.0,-201.0,20.0,119.0,-12.0,23.0,-67.0,-38.0,161.0,54.0,50.0,-22.0,31.0,48.0,18.0,56.0,21.0,2.0,185.0,-26.0,-4.0,34.0,117.0,89.0,61.0,-86.0,139.0
1,2015-07,1185,58.0,70.0,-15.0,82.0,-72.0,412.0,-523.0,58.0,37.0,-45.0,-445.0,-26.0,40.0,12.0,110.0,-35.0,25.0,-12.0,-22.0,-40.0,-28.0,-24.0,-27.0,-108.0,81.0,-8.0,-3.0,-130.0,-201.0,20.0,119.0,-12.0,23.0,-67.0,-38.0,161.0,54.0,50.0,-22.0,31.0,48.0,18.0,56.0,21.0,2.0,185.0,-26.0,-4.0,34.0,117.0,89.0,61.0,-86.0
1,2015-08,1201,16.0,58.0,70.0,-15.0,82.0,-72.0,412.0,-523.0,58.0,37.0,-45.0,-445.0,-26.0,40.0,12.0,110.0,-35.0,25.0,-12.0,-22.0,-40.0,-28.0,-24.0,-27.0,-108.0,81.0,-8.0,-3.0,-130.0,-201.0,20.0,119.0,-12.0,23.0,-67.0,-38.0,161.0,54.0,50.0,-22.0,31.0,48.0,18.0,56.0,21.0,2.0,185.0,-26.0,-4.0,34.0,117.0,89.0,61.0
1,2015-09,1155,-46.0,16.0,58.0,70.0,-15.0,82.0,-72.0,412.0,-523.0,58.0,37.0,-45.0,-445.0,-26.0,40.0,12.0,110.0,-35.0,25.0,-12.0,-22.0,-40.0,-28.0,-24.0,-27.0,-108.0,81.0,-8.0,-3.0,-130.0,-201.0,20.0,119.0,-12.0,23.0,-67.0,-38.0,161.0,54.0,50.0,-22.0,31.0,48.0,18.0,56.0,21.0,2.0,185.0,-26.0,-4.0,34.0,117.0,89.0
1,2015-10,1375,220.0,-46.0,16.0,58.0,70.0,-15.0,82.0,-72.0,412.0,-523.0,58.0,37.0,-45.0,-445.0,-26.0,40.0,12.0,110.0,-35.0,25.0,-12.0,-22.0,-40.0,-28.0,-24.0,-27.0,-108.0,81.0,-8.0,-3.0,-130.0,-201.0,20.0,119.0,-12.0,23.0,-67.0,-38.0,161.0,54.0,50.0,-22.0,31.0,48.0,18.0,56.0,21.0,2.0,185.0,-26.0,-4.0,34.0,117.0
1,2015-11,1430,55.0,220.0,-46.0,16.0,58.0,70.0,-15.0,82.0,-72.0,412.0,-523.0,58.0,37.0,-45.0,-445.0,-26.0,40.0,12.0,110.0,-35.0,25.0,-12.0,-22.0,-40.0,-28.0,-24.0,-27.0,-108.0,81.0,-8.0,-3.0,-130.0,-201.0,20.0,119.0,-12.0,23.0,-67.0,-38.0,161.0,54.0,50.0,-22.0,31.0,48.0,18.0,56.0,21.0,2.0,185.0,-26.0,-4.0,34.0
1,2015-12,1368,-62.0,55.0,220.0,-46.0,16.0,58.0,70.0,-15.0,82.0,-72.0,412.0,-523.0,58.0,37.0,-45.0,-445.0,-26.0,40.0,12.0,110.0,-35.0,25.0,-12.0,-22.0,-40.0,-28.0,-24.0,-27.0,-108.0,81.0,-8.0,-3.0,-130.0,-201.0,20.0,119.0,-12.0,23.0,-67.0,-38.0,161.0,54.0,50.0,-22.0,31.0,48.0,18.0,56.0,21.0,2.0,185.0,-26.0,-4.0
1,2015-13,1382,14.0,-62.0,55.0,220.0,-46.0,16.0,58.0,70.0,-15.0,82.0,-72.0,412.0,-523.0,58.0,37.0,-45.0,-445.0,-26.0,40.0,12.0,110.0,-35.0,25.0,-12.0,-22.0,-40.0,-28.0,-24.0,-27.0,-108.0,81.0,-8.0,-3.0,-130.0,-201.0,20.0,119.0,-12.0,23.0,-67.0,-38.0,161.0,54.0,50.0,-22.0,31.0,48.0,18.0,56.0,21.0,2.0,185.0,-26.0
1,2015-14,1576,194.0,14.0,-62.0,55.0,220.0,-46.0,16.0,58.0,70.0,-15.0,82.0,-72.0,412.0,-523.0,58.0,37.0,-45.0,-445.0,-26.0,40.0,12.0,110.0,-35.0,25.0,-12.0,-22.0,-40.0,-28.0,-24.0,-27.0,-108.0,81.0,-8.0,-3.0,-130.0,-201.0,20.0,119.0,-12.0,23.0,-67.0,-38.0,161.0,54.0,50.0,-22.0,31.0,48.0,18.0,56.0,21.0,2.0,185.0
1,2015-15,1681,105.0,194.0,14.0,-62.0,55.0,220.0,-46.0,16.0,58.0,70.0,-15.0,82.0,-72.0,412.0,-523.0,58.0,37.0,-45.0,-445.0,-26.0,40.0,12.0,110.0,-35.0,25.0,-12.0,-22.0,-40.0,-28.0,-24.0,-27.0,-108.0,81.0,-8.0,-3.0,-130.0,-201.0,20.0,119.0,-12.0,23.0,-67.0,-38.0,161.0,54.0,50.0,-22.0,31.0,48.0,18.0,56.0,21.0,2.0
1,2015-16,1651,-30.0,105.0,194.0,14.0,-62.0,55.0,220.0,-46.0,16.0,58.0,70.0,-15.0,82.0,-72.0,412.0,-523.0,58.0,37.0,-45.0,-445.0,-26.0,40.0,12.0,110.0,-35.0,25.0,-12.0,-22.0,-40.0,-28.0,-24.0,-27.0,-108.0,81.0,-8.0,-3.0,-130.0,-201.0,20.0,119.0,-12.0,23.0,-67.0,-38.0,161.0,54.0,50.0,-22.0,31.0,48.0,18.0,56.0,21.0
1,2015-17,1636,-15.0,-30.0,105.0,194.0,14.0,-62.0,55.0,220.0,-46.0,16.0,58.0,70.0,-15.0,82.0,-72.0,412.0,-523.0,58.0,37.0,-45.0,-445.0,-26.0,40.0,12.0,110.0,-35.0,25.0,-12.0,-22.0,-40.0,-28.0,-24.0,-27.0,-108.0,81.0,-8.0,-3.0,-130.0,-201.0,20.0,119.0,-12.0,23.0,-67.0,-38.0,161.0,54.0,50.0,-22.0,31.0,48.0,18.0,56.0
1,2015-18,1707,71.0,-15.0,-30.0,105.0,194.0,14.0,-62.0,55.0,220.0,-46.0,16.0,58.0,70.0,-15.0,82.0,-72.0,412.0,-523.0,58.0,37.0,-45.0,-445.0,-26.0,40.0,12.0,110.0,-35.0,25.0,-12.0,-22.0,-40.0,-28.0,-24.0,-27.0,-108.0,81.0,-8.0,-3.0,-130.0,-201.0,20.0,119.0,-12.0,23.0,-67.0,-38.0,161.0,54.0,50.0,-22.0,31.0,48.0,18.0
1,2015-19,1756,49.0,71.0,-15.0,-30.0,105.0,194.0,14.0,-62.0,55.0,220.0,-46.0,16.0,58.0,70.0,-15.0,82.0,-72.0,412.0,-523.0,58.0,37.0,-45.0,-445.0,-26.0,40.0,12.0,110.0,-35.0,25.0,-12.0,-22.0,-40.0,-28.0,-24.0,-27.0,-108.0,81.0,-8.0,-3.0,-130.0,-201.0,20.0,119.0,-12.0,23.0,-67.0,-38.0,161.0,54.0,50.0,-22.0,31.0,48.0
1,2015-20,1716,-40.0,49.0,71.0,-15.0,-30.0,105.0,194.0,14.0,-62.0,55.0,220.0,-46.0,16.0,58.0,70.0,-15.0,82.0,-72.0,412.0,-523.0,58.0,37.0,-45.0,-445.0,-26.0,40.0,12.0,110.0,-35.0,25.0,-12.0,-22.0,-40.0,-28.0,-24.0,-27.0,-108.0,81.0,-8.0,-3.0,-130.0,-201.0,20.0,119.0,-12.0,23.0,-67.0,-38.0,161.0,54.0,50.0,-22.0,31.0
1,2015-21,1704,-12.0,-40.0,49.0,71.0,-15.0,-30.0,105.0,194.0,14.0,-62.0,55.0,220.0,-46.0,16.0,58.0,70.0,-15.0,82.0,-72.0,412.0,-523.0,58.0,37.0,-45.0,-445.0,-26.0,40.0,12.0,110.0,-35.0,25.0,-12.0,-22.0,-40.0,-28.0,-24.0,-27.0,-108.0,81.0,-8.0,-3.0,-130.0,-201.0,20.0,119.0,-12.0,23.0,-67.0,-38.0,161.0,54.0,50.0,-22.0
1,2015-22,1717,13.0,-12.0,-40.0,49.0,71.0,-15.0,-30.0,105.0,194.0,14.0,-62.0,55.0,220.0,-46.0,16.0,58.0,70.0,-15.0,82.0,-72.0,412.0,-523.0,58.0,37.0,-45.0,-445.0,-26.0,40.0,12.0,110.0,-35.0,25.0,-12.0,-22.0,-40.0,-28.0,-24.0,-27.0,-108.0,81.0,-8.0,-3.0,-130.0,-201.0,20.0,119.0,-12.0,23.0,-67.0,-38.0,161.0,54.0,50.0
1,2015-23,1945,228.0,13.0,-12.0,-40.0,49.0,71.0,-15.0,-30.0,105.0,194.0,14.0,-62.0,55.0,220.0,-46.0,16.0,58.0,70.0,-15.0,82.0,-72.0,412.0,-523.0,58.0,37.0,-45.0,-445.0,-26.0,40.0,12.0,110.0,-35.0,25.0,-12.0,-22.0,-40.0,-28.0,-24.0,-27.0,-108.0,81.0,-8.0,-3.0,-130.0,-201.0,20.0,119.0,-12.0,23.0,-67.0,-38.0,161.0,54.0
1,2015-24,1877,-68.0,228.0,13.0,-12.0,-40.0,49.0,71.0,-15.0,-30.0,105.0,194.0,14.0,-62.0,55.0,220.0,-46.0,16.0,58.0,70.0,-15.0,82.0,-72.0,412.0,-523.0,58.0,37.0,-45.0,-445.0,-26.0,40.0,12.0,110.0,-35.0,25.0,-12.0,-22.0,-40.0,-28.0,-24.0,-27.0,-108.0,81.0,-8.0,-3.0,-130.0,-201.0,20.0,119.0,-12.0,23.0,-67.0,-38.0,161.0
1,2015-25,1865,-12.0,-68.0,228.0,13.0,-12.0,-40.0,49.0,71.0,-15.0,-30.0,105.0,194.0,14.0,-62.0,55.0,220.0,-46.0,16.0,58.0,70.0,-15.0,82.0,-72.0,412.0,-523.0,58.0,37.0,-45.0,-445.0,-26.0,40.0,12.0,110.0,-35.0,25.0,-12.0,-22.0,-40.0,-28.0,-24.0,-27.0,-108.0,81.0,-8.0,-3.0,-130.0,-201.0,20.0,119.0,-12.0,23.0,-67.0,-38.0
1,2015-26,1851,-14.0,-12.0,-68.0,228.0,13.0,-12.0,-40.0,49.0,71.0,-15.0,-30.0,105.0,194.0,14.0,-62.0,55.0,220.0,-46.0,16.0,58.0,70.0,-15.0,82.0,-72.0,412.0,-523.0,58.0,37.0,-45.0,-445.0,-26.0,40.0,12.0,110.0,-35.0,25.0,-12.0,-22.0,-40.0,-28.0,-24.0,-27.0,-108.0,81.0,-8.0,-3.0,-130.0,-201.0,20.0,119.0,-12.0,23.0,-67.0
1,2015-27,1966,115.0,-14.0,-12.0,-68.0,228.0,13.0,-12.0,-40.0,49.0,71.0,-15.0,-30.0,105.0,194.0,14.0,-62.0,55.0,220.0,-46.0,16.0,58.0,70.0,-15.0,82.0,-72.0,412.0,-523.0,58.0,37.0,-45.0,-445.0,-26.0,40.0,12.0,110.0,-35.0,25.0,-12.0,-22.0,-40.0,-28.0,-24.0,-27.0,-108.0,81.0,-8.0,-3.0,-130.0,-201.0,20.0,119.0,-12.0,23.0
1,2015-28,2000,34.0,115.0,-14.0,-12.0,-68.0,228.0,13.0,-12.0,-40.0,49.0,71.0,-15.0,-30.0,105.0,194.0,14.0,-62.0,55.0,220.0,-46.0,16.0,58.0,70.0,-15.0,82.0,-72.0,412.0,-523.0,58.0,37.0,-45.0,-445.0,-26.0,40.0,12.0,110.0,-35.0,25.0,-12.0,-22.0,-40.0,-28.0,-24.0,-27.0,-108.0,81.0,-8.0,-3.0,-130.0,-201.0,20.0,119.0,-12.0
1,2015-29,2055,55.0,34.0,115.0,-14.0,-12.0,-68.0,228.0,13.0,-12.0,-40.0,49.0,71.0,-15.0,-30.0,105.0,194.0,14.0,-62.0,55.0,220.0,-46.0,16.0,58.0,70.0,-15.0,82.0,-72.0,412.0,-523.0,58.0,37.0,-45.0,-445.0,-26.0,40.0,12.0,110.0,-35.0,25.0,-12.0,-22.0,-40.0,-28.0,-24.0,-27.0,-108.0,81.0,-8.0,-3.0,-130.0,-201.0,20.0,119.0
1,2015-30,1929,-126.0,55.0,34.0,115.0,-14.0,-12.0,-68.0,228.0,13.0,-12.0,-40.0,49.0,71.0,-15.0,-30.0,105.0,194.0,14.0,-62.0,55.0,220.0,-46.0,16.0,58.0,70.0,-15.0,82.0,-72.0,412.0,-523.0,58.0,37.0,-45.0,-445.0,-26.0,40.0,12.0,110.0,-35.0,25.0,-12.0,-22.0,-40.0,-28.0,-24.0,-27.0,-108.0,81.0,-8.0,-3.0,-130.0,-201.0,20.0
1,2015-31,1871,-58.0,-126.0,55.0,34.0,115.0,-14.0,-12.0,-68.0,228.0,13.0,-12.0,-40.0,49.0,71.0,-15.0,-30.0,105.0,194.0,14.0,-62.0,55.0,220.0,-46.0,16.0,58.0,70.0,-15.0,82.0,-72.0,412.0,-523.0,58.0,37.0,-45.0,-445.0,-26.0,40.0,12.0,110.0,-35.0,25.0,-12.0,-22.0,-40.0,-28.0,-24.0,-27.0,-108.0,81.0,-8.0,-3.0,-130.0,-201.0
1,2015-32,1780,-91.0,-58.0,-126.0,55.0,34.0,115.0,-14.0,-12.0,-68.0,228.0,13.0,-12.0,-40.0,49.0,71.0,-15.0,-30.0,105.0,194.0,14.0,-62.0,55.0,220.0,-46.0,16.0,58.0,70.0,-15.0,82.0,-72.0,412.0,-523.0,58.0,37.0,-45.0,-445.0,-26.0,40.0,12.0,110.0,-35.0,25.0,-12.0,-22.0,-40.0,-28.0,-24.0,-27.0,-108.0,81.0,-8.0,-3.0,-130.0
1,2015-33,1787,7.0,-91.0,-58.0,-126.0,55.0,34.0,115.0,-14.0,-12.0,-68.0,228.0,13.0,-12.0,-40.0,49.0,71.0,-15.0,-30.0,105.0,194.0,14.0,-62.0,55.0,220.0,-46.0,16.0,58.0,70.0,-15.0,82.0,-72.0,412.0,-523.0,58.0,37.0,-45.0,-445.0,-26.0,40.0,12.0,110.0,-35.0,25.0,-12.0,-22.0,-40.0,-28.0,-24.0,-27.0,-108.0,81.0,-8.0,-3.0
1,2015-34,1772,-15.0,7.0,-91.0,-58.0,-126.0,55.0,34.0,115.0,-14.0,-12.0,-68.0,228.0,13.0,-12.0,-40.0,49.0,71.0,-15.0,-30.0,105.0,194.0,14.0,-62.0,55.0,220.0,-46.0,16.0,58.0,70.0,-15.0,82.0,-72.0,412.0,-523.0,58.0,37.0,-45.0,-445.0,-26.0,40.0,12.0,110.0,-35.0,25.0,-12.0,-22.0,-40.0,-28.0,-24.0,-27.0,-108.0,81.0,-8.0
1,2015-35,1709,-63.0,-15.0,7.0,-91.0,-58.0,-126.0,55.0,34.0,115.0,-14.0,-12.0,-68.0,228.0,13.0,-12.0,-40.0,49.0,71.0,-15.0,-30.0,105.0,194.0,14.0,-62.0,55.0,220.0,-46.0,16.0,58.0,70.0,-15.0,82.0,-72.0,412.0,-523.0,58.0,37.0,-45.0,-445.0,-26.0,40.0,12.0,110.0,-35.0,25.0,-12.0,-22.0,-40.0,-28.0,-24.0,-27.0,-108.0,81.0
1,2015-36,1689,-20.0,-63.0,-15.0,7.0,-91.0,-58.0,-126.0,55.0,34.0,115.0,-14.0,-12.0,-68.0,228.0,13.0,-12.0,-40.0,49.0,71.0,-15.0,-30.0,105.0,194.0,14.0,-62.0,55.0,220.0,-46.0,16.0,58.0,70.0,-15.0,82.0,-72.0,412.0,-523.0,58.0,37.0,-45.0,-445.0,-26.0,40.0,12.0,110.0,-35.0,25.0,-12.0,-22.0,-40.0,-28.0,-24.0,-27.0,-108.0
1,2015-37,1600,-89.0,-20.0,-63.0,-15.0,7.0,-91.0,-58.0,-126.0,55.0,34.0,115.0,-14.0,-12.0,-68.0,228.0,13.0,-12.0,-40.0,49.0,71.0,-15.0,-30.0,105.0,194.0,14.0,-62.0,55.0,220.0,-46.0,16.0,58.0,70.0,-15.0,82.0,-72.0,412.0,-523.0,58.0,37.0,-45.0,-445.0,-26.0,40.0,12.0,110.0,-35.0,25.0,-12.0,-22.0,-40.0,-28.0,-24.0,-27.0
1,2015-38,1671,71.0,-89.0,-20.0,-63.0,-15.0,7.0,-91.0,-58.0,-126.0,55.0,34.0,115.0,-14.0,-12.0,-68.0,228.0,13.0,-12.0,-40.0,49.0,71.0,-15.0,-30.0,105.0,194.0,14.0,-62.0,55.0,220.0,-46.0,16.0,58.0,70.0,-15.0,82.0,-72.0,412.0,-523.0,58.0,37.0,-45.0,-445.0,-26.0,40.0,12.0,110.0,-35.0,25.0,-12.0,-22.0,-40.0,-28.0,-24.0
1,2015-39,1629,-42.0,71.0,-89.0,-20.0,-63.0,-15.0,7.0,-91.0,-58.0,-126.0,55.0,34.0,115.0,-14.0,-12.0,-68.0,228.0,13.0,-12.0,-40.0,49.0,71.0,-15.0,-30.0,105.0,194.0,14.0,-62.0,55.0,220.0,-46.0,16.0,58.0,70.0,-15.0,82.0,-72.0,412.0,-523.0,58.0,37.0,-45.0,-445.0,-26.0,40.0,12.0,110.0,-35.0,25.0,-12.0,-22.0,-40.0,-28.0
1,2015-40,1521,-108.0,-42.0,71.0,-89.0,-20.0,-63.0,-15.0,7.0,-91.0,-58.0,-126.0,55.0,34.0,115.0,-14.0,-12.0,-68.0,228.0,13.0,-12.0,-40.0,49.0,71.0,-15.0,-30.0,105.0,194.0,14.0,-62.0,55.0,220.0,-46.0,16.0,58.0,70.0,-15.0,82.0,-72.0,412.0,-523.0,58.0,37.0,-45.0,-445.0,-26.0,40.0,12.0,110.0,-35.0,25.0,-12.0,-22.0,-40.0
1,2015-41,1455,-66.0,-108.0,-42.0,71.0,-89.0,-20.0,-63.0,-15.0,7.0,-91.0,-58.0,-126.0,55.0,34.0,115.0,-14.0,-12.0,-68.0,228.0,13.0,-12.0,-40.0,49.0,71.0,-15.0,-30.0,105.0,194.0,14.0,-62.0,55.0,220.0,-46.0,16.0,58.0,70.0,-15.0,82.0,-72.0,412.0,-523.0,58.0,37.0,-45.0,-445.0,-26.0,40.0,12.0,110.0,-35.0,25.0,-12.0,-22.0
1,2015-42,1453,-2.0,-66.0,-108.0,-42.0,71.0,-89.0,-20.0,-63.0,-15.0,7.0,-91.0,-58.0,-126.0,55.0,34.0,115.0,-14.0,-12.0,-68.0,228.0,13.0,-12.0,-40.0,49.0,71.0,-15.0,-30.0,105.0,194.0,14.0,-62.0,55.0,220.0,-46.0,16.0,58.0,70.0,-15.0,82.0,-72.0,412.0,-523.0,58.0,37.0,-45.0,-445.0,-26.0,40.0,12.0,110.0,-35.0,25.0,-12.0
1,2015-43,1526,73.0,-2.0,-66.0,-108.0,-42.0,71.0,-89.0,-20.0,-63.0,-15.0,7.0,-91.0,-58.0,-126.0,55.0,34.0,115.0,-14.0,-12.0,-68.0,228.0,13.0,-12.0,-40.0,49.0,71.0,-15.0,-30.0,105.0,194.0,14.0,-62.0,55.0,220.0,-46.0,16.0,58.0,70.0,-15.0,82.0,-72.0,412.0,-523.0,58.0,37.0,-45.0,-445.0,-26.0,40.0,12.0,110.0,-35.0,25.0
1,2015-44,1567,41.0,73.0,-2.0,-66.0,-108.0,-42.0,71.0,-89.0,-20.0,-63.0,-15.0,7.0,-91.0,-58.0,-126.0,55.0,34.0,115.0,-14.0,-12.0,-68.0,228.0,13.0,-12.0,-40.0,49.0,71.0,-15.0,-30.0,105.0,194.0,14.0,-62.0,55.0,220.0,-46.0,16.0,58.0,70.0,-15.0,82.0,-72.0,412.0,-523.0,58.0,37.0,-45.0,-445.0,-26.0,40.0,12.0,110.0,-35.0
1,2015-45,1639,72.0,41.0,73.0,-2.0,-66.0,-108.0,-42.0,71.0,-89.0,-20.0,-63.0,-15.0,7.0,-91.0,-58.0,-126.0,55.0,34.0,115.0,-14.0,-12.0,-68.0,228.0,13.0,-12.0,-40.0,49.0,71.0,-15.0,-30.0,105.0,194.0,14.0,-62.0,55.0,220.0,-46.0,16.0,58.0,70.0,-15.0,82.0,-72.0,412.0,-523.0,58.0,37.0,-45.0,-445.0,-26.0,40.0,12.0,110.0
1,2015-46,1638,-1.0,72.0,41.0,73.0,-2.0,-66.0,-108.0,-42.0,71.0,-89.0,-20.0,-63.0,-15.0,7.0,-91.0,-58.0,-126.0,55.0,34.0,115.0,-14.0,-12.0,-68.0,228.0,13.0,-12.0,-40.0,49.0,71.0,-15.0,-30.0,105.0,194.0,14.0,-62.0,55.0,220.0,-46.0,16.0,58.0,70.0,-15.0,82.0,-72.0,412.0,-523.0,58.0,37.0,-45.0,-445.0,-26.0,40.0,12.0
1,2015-47,1712,74.0,-1.0,72.0,41.0,73.0,-2.0,-66.0,-108.0,-42.0,71.0,-89.0,-20.0,-63.0,-15.0,7.0,-91.0,-58.0,-126.0,55.0,34.0,115.0,-14.0,-12.0,-68.0,228.0,13.0,-12.0,-40.0,49.0,71.0,-15.0,-30.0,105.0,194.0,14.0,-62.0,55.0,220.0,-46.0,16.0,58.0,70.0,-15.0,82.0,-72.0,412.0,-523.0,58.0,37.0,-45.0,-445.0,-26.0,40.0
1,2015-48,1690,-22.0,74.0,-1.0,72.0,41.0,73.0,-2.0,-66.0,-108.0,-42.0,71.0,-89.0,-20.0,-63.0,-15.0,7.0,-91.0,-58.0,-126.0,55.0,34.0,115.0,-14.0,-12.0,-68.0,228.0,13.0,-12.0,-40.0,49.0,71.0,-15.0,-30.0,105.0,194.0,14.0,-62.0,55.0,220.0,-46.0,16.0,58.0,70.0,-15.0,82.0,-72.0,412.0,-523.0,58.0,37.0,-45.0,-445.0,-26.0
1,2015-49,1127,-563.0,-22.0,74.0,-1.0,72.0,41.0,73.0,-2.0,-66.0,-108.0,-42.0,71.0,-89.0,-20.0,-63.0,-15.0,7.0,-91.0,-58.0,-126.0,55.0,34.0,115.0,-14.0,-12.0,-68.0,228.0,13.0,-12.0,-40.0,49.0,71.0,-15.0,-30.0,105.0,194.0,14.0,-62.0,55.0,220.0,-46.0,16.0,58.0,70.0,-15.0,82.0,-72.0,412.0,-523.0,58.0,37.0,-45.0,-445.0
1,2015-50,1129,2.0,-563.0,-22.0,74.0,-1.0,72.0,41.0,73.0,-2.0,-66.0,-108.0,-42.0,71.0,-89.0,-20.0,-63.0,-15.0,7.0,-91.0,-58.0,-126.0,55.0,34.0,115.0,-14.0,-12.0,-68.0,228.0,13.0,-12.0,-40.0,49.0,71.0,-15.0,-30.0,105.0,194.0,14.0,-62.0,55.0,220.0,-46.0,16.0,58.0,70.0,-15.0,82.0,-72.0,412.0,-523.0,58.0,37.0,-45.0
1,2015-51,1119,-10.0,2.0,-563.0,-22.0,74.0,-1.0,72.0,41.0,73.0,-2.0,-66.0,-108.0,-42.0,71.0,-89.0,-20.0,-63.0,-15.0,7.0,-91.0,-58.0,-126.0,55.0,34.0,115.0,-14.0,-12.0,-68.0,228.0,13.0,-12.0,-40.0,49.0,71.0,-15.0,-30.0,105.0,194.0,14.0,-62.0,55.0,220.0,-46.0,16.0,58.0,70.0,-15.0,82.0,-72.0,412.0,-523.0,58.0,37.0
1,2015-52,1134,15.0,-10.0,2.0,-563.0,-22.0,74.0,-1.0,72.0,41.0,73.0,-2.0,-66.0,-108.0,-42.0,71.0,-89.0,-20.0,-63.0,-15.0,7.0,-91.0,-58.0,-126.0,55.0,34.0,115.0,-14.0,-12.0,-68.0,228.0,13.0,-12.0,-40.0,49.0,71.0,-15.0,-30.0,105.0,194.0,14.0,-62.0,55.0,220.0,-46.0,16.0,58.0,70.0,-15.0,82.0,-72.0,412.0,-523.0,58.0
1,2015-53,603,-531.0,15.0,-10.0,2.0,-563.0,-22.0,74.0,-1.0,72.0,41.0,73.0,-2.0,-66.0,-108.0,-42.0,71.0,-89.0,-20.0,-63.0,-15.0,7.0,-91.0,-58.0,-126.0,55.0,34.0,115.0,-14.0,-12.0,-68.0,228.0,13.0,-12.0,-40.0,49.0,71.0,-15.0,-30.0,105.0,194.0,14.0,-62.0,55.0,220.0,-46.0,16.0,58.0,70.0,-15.0,82.0,-72.0,412.0,-523.0
1,2016-01,1115,512.0,-531.0,15.0,-10.0,2.0,-563.0,-22.0,74.0,-1.0,72.0,41.0,73.0,-2.0,-66.0,-108.0,-42.0,71.0,-89.0,-20.0,-63.0,-15.0,7.0,-91.0,-58.0,-126.0,55.0,34.0,115.0,-14.0,-12.0,-68.0,228.0,13.0,-12.0,-40.0,49.0,71.0,-15.0,-30.0,105.0,194.0,14.0,-62.0,55.0,220.0,-46.0,16.0,58.0,70.0,-15.0,82.0,-72.0,412.0
1,2016-02,1116,1.0,512.0,-531.0,15.0,-10.0,2.0,-563.0,-22.0,74.0,-1.0,72.0,41.0,73.0,-2.0,-66.0,-108.0,-42.0,71.0,-89.0,-20.0,-63.0,-15.0,7.0,-91.0,-58.0,-126.0,55.0,34.0,115.0,-14.0,-12.0,-68.0,228.0,13.0,-12.0,-40.0,49.0,71.0,-15.0,-30.0,105.0,194.0,14.0,-62.0,55.0,220.0,-46.0,16.0,58.0,70.0,-15.0,82.0,-72.0
1,2016-03,1071,-45.0,1.0,512.0,-531.0,15.0,-10.0,2.0,-563.0,-22.0,74.0,-1.0,72.0,41.0,73.0,-2.0,-66.0,-108.0,-42.0,71.0,-89.0,-20.0,-63.0,-15.0,7.0,-91.0,-58.0,-126.0,55.0,34.0,115.0,-14.0,-12.0,-68.0,228.0,13.0,-12.0,-40.0,49.0,71.0,-15.0,-30.0,105.0,194.0,14.0,-62.0,55.0,220.0,-46.0,16.0,58.0,70.0,-15.0,82.0
1,2016-04,1121,50.0,-45.0,1.0,512.0,-531.0,15.0,-10.0,2.0,-563.0,-22.0,74.0,-1.0,72.0,41.0,73.0,-2.0,-66.0,-108.0,-42.0,71.0,-89.0,-20.0,-63.0,-15.0,7.0,-91.0,-58.0,-126.0,55.0,34.0,115.0,-14.0,-12.0,-68.0,228.0,13.0,-12.0,-40.0,49.0,71.0,-15.0,-30.0,105.0,194.0,14.0,-62.0,55.0,220.0,-46.0,16.0,58.0,70.0,-15.0
1,2016-05,1274,153.0,50.0,-45.0,1.0,512.0,-531.0,15.0,-10.0,2.0,-563.0,-22.0,74.0,-1.0,72.0,41.0,73.0,-2.0,-66.0,-108.0,-42.0,71.0,-89.0,-20.0,-63.0,-15.0,7.0,-91.0,-58.0,-126.0,55.0,34.0,115.0,-14.0,-12.0,-68.0,228.0,13.0,-12.0,-40.0,49.0,71.0,-15.0,-30.0,105.0,194.0,14.0,-62.0,55.0,220.0,-46.0,16.0,58.0,70.0
1,2016-06,1256,-18.0,153.0,50.0,-45.0,1.0,512.0,-531.0,15.0,-10.0,2.0,-563.0,-22.0,74.0,-1.0,72.0,41.0,73.0,-2.0,-66.0,-108.0,-42.0,71.0,-89.0,-20.0,-63.0,-15.0,7.0,-91.0,-58.0,-126.0,55.0,34.0,115.0,-14.0,-12.0,-68.0,228.0,13.0,-12.0,-40.0,49.0,71.0,-15.0,-30.0,105.0,194.0,14.0,-62.0,55.0,220.0,-46.0,16.0,58.0
1,2016-07,1275,19.0,-18.0,153.0,50.0,-45.0,1.0,512.0,-531.0,15.0,-10.0,2.0,-563.0,-22.0,74.0,-1.0,72.0,41.0,73.0,-2.0,-66.0,-108.0,-42.0,71.0,-89.0,-20.0,-63.0,-15.0,7.0,-91.0,-58.0,-126.0,55.0,34.0,115.0,-14.0,-12.0,-68.0,228.0,13.0,-12.0,-40.0,49.0,71.0,-15.0,-30.0,105.0,194.0,14.0,-62.0,55.0,220.0,-46.0,16.0
1,2016-08,1229,-46.0,19.0,-18.0,153.0,50.0,-45.0,1.0,512.0,-531.0,15.0,-10.0,2.0,-563.0,-22.0,74.0,-1.0,72.0,41.0,73.0,-2.0,-66.0,-108.0,-42.0,71.0,-89.0,-20.0,-63.0,-15.0,7.0,-91.0,-58.0,-126.0,55.0,34.0,115.0,-14.0,-12.0,-68.0,228.0,13.0,-12.0,-40.0,49.0,71.0,-15.0,-30.0,105.0,194.0,14.0,-62.0,55.0,220.0,-46.0
1,2016-09,1485,256.0,-46.0,19.0,-18.0,153.0,50.0,-45.0,1.0,512.0,-531.0,15.0,-10.0,2.0,-563.0,-22.0,74.0,-1.0,72.0,41.0,73.0,-2.0,-66.0,-108.0,-42.0,71.0,-89.0,-20.0,-63.0,-15.0,7.0,-91.0,-58.0,-126.0,55.0,34.0,115.0,-14.0,-12.0,-68.0,228.0,13.0,-12.0,-40.0,49.0,71.0,-15.0,-30.0,105.0,194.0,14.0,-62.0,55.0,220.0
1,2016-10,1472,-13.0,256.0,-46.0,19.0,-18.0,153.0,50.0,-45.0,1.0,512.0,-531.0,15.0,-10.0,2.0,-563.0,-22.0,74.0,-1.0,72.0,41.0,73.0,-2.0,-66.0,-108.0,-42.0,71.0,-89.0,-20.0,-63.0,-15.0,7.0,-91.0,-58.0,-126.0,55.0,34.0,115.0,-14.0,-12.0,-68.0,228.0,13.0,-12.0,-40.0,49.0,71.0,-15.0,-30.0,105.0,194.0,14.0,-62.0,55.0
1,2016-11,1479,7.0,-13.0,256.0,-46.0,19.0,-18.0,153.0,50.0,-45.0,1.0,512.0,-531.0,15.0,-10.0,2.0,-563.0,-22.0,74.0,-1.0,72.0,41.0,73.0,-2.0,-66.0,-108.0,-42.0,71.0,-89.0,-20.0,-63.0,-15.0,7.0,-91.0,-58.0,-126.0,55.0,34.0,115.0,-14.0,-12.0,-68.0,228.0,13.0,-12.0,-40.0,49.0,71.0,-15.0,-30.0,105.0,194.0,14.0,-62.0
1,2016-12,1517,38.0,7.0,-13.0,256.0,-46.0,19.0,-18.0,153.0,50.0,-45.0,1.0,512.0,-531.0,15.0,-10.0,2.0,-563.0,-22.0,74.0,-1.0,72.0,41.0,73.0,-2.0,-66.0,-108.0,-42.0,71.0,-89.0,-20.0,-63.0,-15.0,7.0,-91.0,-58.0,-126.0,55.0,34.0,115.0,-14.0,-12.0,-68.0,228.0,13.0,-12.0,-40.0,49.0,71.0,-15.0,-30.0,105.0,194.0,14.0
1,2016-13,1650,133.0,38.0,7.0,-13.0,256.0,-46.0,19.0,-18.0,153.0,50.0,-45.0,1.0,512.0,-531.0,15.0,-10.0,2.0,-563.0,-22.0,74.0,-1.0,72.0,41.0,73.0,-2.0,-66.0,-108.0,-42.0,71.0,-89.0,-20.0,-63.0,-15.0,7.0,-91.0,-58.0,-126.0,55.0,34.0,115.0,-14.0,-12.0,-68.0,228.0,13.0,-12.0,-40.0,49.0,71.0,-15.0,-30.0,105.0,194.0
1,2016-14,1779,129.0,133.0,38.0,7.0,-13.0,256.0,-46.0,19.0,-18.0,153.0,50.0,-45.0,1.0,512.0,-531.0,15.0,-10.0,2.0,-563.0,-22.0,74.0,-1.0,72.0,41.0,73.0,-2.0,-66.0,-108.0,-42.0,71.0,-89.0,-20.0,-63.0,-15.0,7.0,-91.0,-58.0,-126.0,55.0,34.0,115.0,-14.0,-12.0,-68.0,228.0,13.0,-12.0,-40.0,49.0,71.0,-15.0,-30.0,105.0
1,2016-15,1816,37.0,129.0,133.0,38.0,7.0,-13.0,256.0,-46.0,19.0,-18.0,153.0,50.0,-45.0,1.0,512.0,-531.0,15.0,-10.0,2.0,-563.0,-22.0,74.0,-1.0,72.0,41.0,73.0,-2.0,-66.0,-108.0,-42.0,71.0,-89.0,-20.0,-63.0,-15.0,7.0,-91.0,-58.0,-126.0,55.0,34.0,115.0,-14.0,-12.0,-68.0,228.0,13.0,-12.0,-40.0,49.0,71.0,-15.0,-30.0
1,2016-16,1760,-56.0,37.0,129.0,133.0,38.0,7.0,-13.0,256.0,-46.0,19.0,-18.0,153.0,50.0,-45.0,1.0,512.0,-531.0,15.0,-10.0,2.0,-563.0,-22.0,74.0,-1.0,72.0,41.0,73.0,-2.0,-66.0,-108.0,-42.0,71.0,-89.0,-20.0,-63.0,-15.0,7.0,-91.0,-58.0,-126.0,55.0,34.0,115.0,-14.0,-12.0,-68.0,228.0,13.0,-12.0,-40.0,49.0,71.0,-15.0
1,2016-17,1811,51.0,-56.0,37.0,129.0,133.0,38.0,7.0,-13.0,256.0,-46.0,19.0,-18.0,153.0,50.0,-45.0,1.0,512.0,-531.0,15.0,-10.0,2.0,-563.0,-22.0,74.0,-1.0,72.0,41.0,73.0,-2.0,-66.0,-108.0,-42.0,71.0,-89.0,-20.0,-63.0,-15.0,7.0,-91.0,-58.0,-126.0,55.0,34.0,115.0,-14.0,-12.0,-68.0,228.0,13.0,-12.0,-40.0,49.0,71.0
1,2016-18,1874,63.0,51.0,-56.0,37.0,129.0,133.0,38.0,7.0,-13.0,256.0,-46.0,19.0,-18.0,153.0,50.0,-45.0,1.0,512.0,-531.0,15.0,-10.0,2.0,-563.0,-22.0,74.0,-1.0,72.0,41.0,73.0,-2.0,-66.0,-108.0,-42.0,71.0,-89.0,-20.0,-63.0,-15.0,7.0,-91.0,-58.0,-126.0,55.0,34.0,115.0,-14.0,-12.0,-68.0,228.0,13.0,-12.0,-40.0,49.0
1,2016-19,1917,43.0,63.0,51.0,-56.0,37.0,129.0,133.0,38.0,7.0,-13.0,256.0,-46.0,19.0,-18.0,153.0,50.0,-45.0,1.0,512.0,-531.0,15.0,-10.0,2.0,-563.0,-22.0,74.0,-1.0,72.0,41.0,73.0,-2.0,-66.0,-108.0,-42.0,71.0,-89.0,-20.0,-63.0,-15.0,7.0,-91.0,-58.0,-126.0,55.0,34.0,115.0,-14.0,-12.0,-68.0,228.0,13.0,-12.0,-40.0
1,2016-20,1853,-64.0,43.0,63.0,51.0,-56.0,37.0,129.0,133.0,38.0,7.0,-13.0,256.0,-46.0,19.0,-18.0,153.0,50.0,-45.0,1.0,512.0,-531.0,15.0,-10.0,2.0,-563.0,-22.0,74.0,-1.0,72.0,41.0,73.0,-2.0,-66.0,-108.0,-42.0,71.0,-89.0,-20.0,-63.0,-15.0,7.0,-91.0,-58.0,-126.0,55.0,34.0,115.0,-14.0,-12.0,-68.0,228.0,13.0,-12.0
1,2016-21,1858,5.0,-64.0,43.0,63.0,51.0,-56.0,37.0,129.0,133.0,38.0,7.0,-13.0,256.0,-46.0,19.0,-18.0,153.0,50.0,-45.0,1.0,512.0,-531.0,15.0,-10.0,2.0,-563.0,-22.0,74.0,-1.0,72.0,41.0,73.0,-2.0,-66.0,-108.0,-42.0,71.0,-89.0,-20.0,-63.0,-15.0,7.0,-91.0,-58.0,-126.0,55.0,34.0,115.0,-14.0,-12.0,-68.0,228.0,13.0
1,2016-22,1928,70.0,5.0,-64.0,43.0,63.0,51.0,-56.0,37.0,129.0,133.0,38.0,7.0,-13.0,256.0,-46.0,19.0,-18.0,153.0,50.0,-45.0,1.0,512.0,-531.0,15.0,-10.0,2.0,-563.0,-22.0,74.0,-1.0,72.0,41.0,73.0,-2.0,-66.0,-108.0,-42.0,71.0,-89.0,-20.0,-63.0,-15.0,7.0,-91.0,-58.0,-126.0,55.0,34.0,115.0,-14.0,-12.0,-68.0,228.0
1,2016-23,2023,95.0,70.0,5.0,-64.0,43.0,63.0,51.0,-56.0,37.0,129.0,133.0,38.0,7.0,-13.0,256.0,-46.0,19.0,-18.0,153.0,50.0,-45.0,1.0,512.0,-531.0,15.0,-10.0,2.0,-563.0,-22.0,74.0,-1.0,72.0,41.0,73.0,-2.0,-66.0,-108.0,-42.0,71.0,-89.0,-20.0,-63.0,-15.0,7.0,-91.0,-58.0,-126.0,55.0,34.0,115.0,-14.0,-12.0,-68.0
1,2016-24,2041,18.0,95.0,70.0,5.0,-64.0,43.0,63.0,51.0,-56.0,37.0,129.0,133.0,38.0,7.0,-13.0,256.0,-46.0,19.0,-18.0,153.0,50.0,-45.0,1.0,512.0,-531.0,15.0,-10.0,2.0,-563.0,-22.0,74.0,-1.0,72.0,41.0,73.0,-2.0,-66.0,-108.0,-42.0,71.0,-89.0,-20.0,-63.0,-15.0,7.0,-91.0,-58.0,-126.0,55.0,34.0,115.0,-14.0,-12.0
1,2016-25,2140,99.0,18.0,95.0,70.0,5.0,-64.0,43.0,63.0,51.0,-56.0,37.0,129.0,133.0,38.0,7.0,-13.0,256.0,-46.0,19.0,-18.0,153.0,50.0,-45.0,1.0,512.0,-531.0,15.0,-10.0,2.0,-563.0,-22.0,74.0,-1.0,72.0,41.0,73.0,-2.0,-66.0,-108.0,-42.0,71.0,-89.0,-20.0,-63.0,-15.0,7.0,-91.0,-58.0,-126.0,55.0,34.0,115.0,-14.0
1,2016-26,2185,45.0,99.0,18.0,95.0,70.0,5.0,-64.0,43.0,63.0,51.0,-56.0,37.0,129.0,133.0,38.0,7.0,-13.0,256.0,-46.0,19.0,-18.0,153.0,50.0,-45.0,1.0,512.0,-531.0,15.0,-10.0,2.0,-563.0,-22.0,74.0,-1.0,72.0,41.0,73.0,-2.0,-66.0,-108.0,-42.0,71.0,-89.0,-20.0,-63.0,-15.0,7.0,-91.0,-58.0,-126.0,55.0,34.0,115.0
1,2016-27,2298,113.0,45.0,99.0,18.0,95.0,70.0,5.0,-64.0,43.0,63.0,51.0,-56.0,37.0,129.0,133.0,38.0,7.0,-13.0,256.0,-46.0,19.0,-18.0,153.0,50.0,-45.0,1.0,512.0,-531.0,15.0,-10.0,2.0,-563.0,-22.0,74.0,-1.0,72.0,41.0,73.0,-2.0,-66.0,-108.0,-42.0,71.0,-89.0,-20.0,-63.0,-15.0,7.0,-91.0,-58.0,-126.0,55.0,34.0
1,2016-28,2112,-186.0,113.0,45.0,99.0,18.0,95.0,70.0,5.0,-64.0,43.0,63.0,51.0,-56.0,37.0,129.0,133.0,38.0,7.0,-13.0,256.0,-46.0,19.0,-18.0,153.0,50.0,-45.0,1.0,512.0,-531.0,15.0,-10.0,2.0,-563.0,-22.0,74.0,-1.0,72.0,41.0,73.0,-2.0,-66.0,-108.0,-42.0,71.0,-89.0,-20.0,-63.0,-15.0,7.0,-91.0,-58.0,-126.0,55.0
1,2016-29,2104,-8.0,-186.0,113.0,45.0,99.0,18.0,95.0,70.0,5.0,-64.0,43.0,63.0,51.0,-56.0,37.0,129.0,133.0,38.0,7.0,-13.0,256.0,-46.0,19.0,-18.0,153.0,50.0,-45.0,1.0,512.0,-531.0,15.0,-10.0,2.0,-563.0,-22.0,74.0,-1.0,72.0,41.0,73.0,-2.0,-66.0,-108.0,-42.0,71.0,-89.0,-20.0,-63.0,-15.0,7.0,-91.0,-58.0,-126.0
1,2016-30,2194,90.0,-8.0,-186.0,113.0,45.0,99.0,18.0,95.0,70.0,5.0,-64.0,43.0,63.0,51.0,-56.0,37.0,129.0,133.0,38.0,7.0,-13.0,256.0,-46.0,19.0,-18.0,153.0,50.0,-45.0,1.0,512.0,-531.0,15.0,-10.0,2.0,-563.0,-22.0,74.0,-1.0,72.0,41.0,73.0,-2.0,-66.0,-108.0,-42.0,71.0,-89.0,-20.0,-63.0,-15.0,7.0,-91.0,-58.0
1,2016-31,1879,-315.0,90.0,-8.0,-186.0,113.0,45.0,99.0,18.0,95.0,70.0,5.0,-64.0,43.0,63.0,51.0,-56.0,37.0,129.0,133.0,38.0,7.0,-13.0,256.0,-46.0,19.0,-18.0,153.0,50.0,-45.0,1.0,512.0,-531.0,15.0,-10.0,2.0,-563.0,-22.0,74.0,-1.0,72.0,41.0,73.0,-2.0,-66.0,-108.0,-42.0,71.0,-89.0,-20.0,-63.0,-15.0,7.0,-91.0
1,2016-32,1854,-25.0,-315.0,90.0,-8.0,-186.0,113.0,45.0,99.0,18.0,95.0,70.0,5.0,-64.0,43.0,63.0,51.0,-56.0,37.0,129.0,133.0,38.0,7.0,-13.0,256.0,-46.0,19.0,-18.0,153.0,50.0,-45.0,1.0,512.0,-531.0,15.0,-10.0,2.0,-563.0,-22.0,74.0,-1.0,72.0,41.0,73.0,-2.0,-66.0,-108.0,-42.0,71.0,-89.0,-20.0,-63.0,-15.0,7.0
1,2016-33,1769,-85.0,-25.0,-315.0,90.0,-8.0,-186.0,113.0,45.0,99.0,18.0,95.0,70.0,5.0,-64.0,43.0,63.0,51.0,-56.0,37.0,129.0,133.0,38.0,7.0,-13.0,256.0,-46.0,19.0,-18.0,153.0,50.0,-45.0,1.0,512.0,-531.0,15.0,-10.0,2.0,-563.0,-22.0,74.0,-1.0,72.0,41.0,73.0,-2.0,-66.0,-108.0,-42.0,71.0,-89.0,-20.0,-63.0,-15.0
1,2016-34,1949,180.0,-85.0,-25.0,-315.0,90.0,-8.0,-186.0,113.0,45.0,99.0,18.0,95.0,70.0,5.0,-64.0,43.0,63.0,51.0,-56.0,37.0,129.0,133.0,38.0,7.0,-13.0,256.0,-46.0,19.0,-18.0,153.0,50.0,-45.0,1.0,512.0,-531.0,15.0,-10.0,2.0,-563.0,-22.0,74.0,-1.0,72.0,41.0,73.0,-2.0,-66.0,-108.0,-42.0,71.0,-89.0,-20.0,-63.0
1,2016-35,1822,-127.0,180.0,-85.0,-25.0,-315.0,90.0,-8.0,-186.0,113.0,45.0,99.0,18.0,95.0,70.0,5.0,-64.0,43.0,63.0,51.0,-56.0,37.0,129.0,133.0,38.0,7.0,-13.0,256.0,-46.0,19.0,-18.0,153.0,50.0,-45.0,1.0,512.0,-531.0,15.0,-10.0,2.0,-563.0,-22.0,74.0,-1.0,72.0,41.0,73.0,-2.0,-66.0,-108.0,-42.0,71.0,-89.0,-20.0
1,2016-36,1666,-156.0,-127.0,180.0,-85.0,-25.0,-315.0,90.0,-8.0,-186.0,113.0,45.0,99.0,18.0,95.0,70.0,5.0,-64.0,43.0,63.0,51.0,-56.0,37.0,129.0,133.0,38.0,7.0,-13.0,256.0,-46.0,19.0,-18.0,153.0,50.0,-45.0,1.0,512.0,-531.0,15.0,-10.0,2.0,-563.0,-22.0,74.0,-1.0,72.0,41.0,73.0,-2.0,-66.0,-108.0,-42.0,71.0,-89.0
1,2016-37,1720,54.0,-156.0,-127.0,180.0,-85.0,-25.0,-315.0,90.0,-8.0,-186.0,113.0,45.0,99.0,18.0,95.0,70.0,5.0,-64.0,43.0,63.0,51.0,-56.0,37.0,129.0,133.0,38.0,7.0,-13.0,256.0,-46.0,19.0,-18.0,153.0,50.0,-45.0,1.0,512.0,-531.0,15.0,-10.0,2.0,-563.0,-22.0,74.0,-1.0,72.0,41.0,73.0,-2.0,-66.0,-108.0,-42.0,71.0
1,2016-38,1760,40.0,54.0,-156.0,-127.0,180.0,-85.0,-25.0,-315.0,90.0,-8.0,-186.0,113.0,45.0,99.0,18.0,95.0,70.0,5.0,-64.0,43.0,63.0,51.0,-56.0,37.0,129.0,133.0,38.0,7.0,-13.0,256.0,-46.0,19.0,-18.0,153.0,50.0,-45.0,1.0,512.0,-531.0,15.0,-10.0,2.0,-563.0,-22.0,74.0,-1.0,72.0,41.0,73.0,-2.0,-66.0,-108.0,-42.0
1,2016-39,1706,-54.0,40.0,54.0,-156.0,-127.0,180.0,-85.0,-25.0,-315.0,90.0,-8.0,-186.0,113.0,45.0,99.0,18.0,95.0,70.0,5.0,-64.0,43.0,63.0,51.0,-56.0,37.0,129.0,133.0,38.0,7.0,-13.0,256.0,-46.0,19.0,-18.0,153.0,50.0,-45.0,1.0,512.0,-531.0,15.0,-10.0,2.0,-563.0,-22.0,74.0,-1.0,72.0,41.0,73.0,-2.0,-66.0,-108.0
1,2016-40,1669,-37.0,-54.0,40.0,54.0,-156.0,-127.0,180.0,-85.0,-25.0,-315.0,90.0,-8.0,-186.0,113.0,45.0,99.0,18.0,95.0,70.0,5.0,-64.0,43.0,63.0,51.0,-56.0,37.0,129.0,133.0,38.0,7.0,-13.0,256.0,-46.0,19.0,-18.0,153.0,50.0,-45.0,1.0,512.0,-531.0,15.0,-10.0,2.0,-563.0,-22.0,74.0,-1.0,72.0,41.0,73.0,-2.0,-66.0
1,2016-41,1690,21.0,-37.0,-54.0,40.0,54.0,-156.0,-127.0,180.0,-85.0,-25.0,-315.0,90.0,-8.0,-186.0,113.0,45.0,99.0,18.0,95.0,70.0,5.0,-64.0,43.0,63.0,51.0,-56.0,37.0,129.0,133.0,38.0,7.0,-13.0,256.0,-46.0,19.0,-18.0,153.0,50.0,-45.0,1.0,512.0,-531.0,15.0,-10.0,2.0,-563.0,-22.0,74.0,-1.0,72.0,41.0,73.0,-2.0
1,2016-42,1617,-73.0,21.0,-37.0,-54.0,40.0,54.0,-156.0,-127.0,180.0,-85.0,-25.0,-315.0,90.0,-8.0,-186.0,113.0,45.0,99.0,18.0,95.0,70.0,5.0,-64.0,43.0,63.0,51.0,-56.0,37.0,129.0,133.0,38.0,7.0,-13.0,256.0,-46.0,19.0,-18.0,153.0,50.0,-45.0,1.0,512.0,-531.0,15.0,-10.0,2.0,-563.0,-22.0,74.0,-1.0,72.0,41.0,73.0
1,2016-43,1572,-45.0,-73.0,21.0,-37.0,-54.0,40.0,54.0,-156.0,-127.0,180.0,-85.0,-25.0,-315.0,90.0,-8.0,-186.0,113.0,45.0,99.0,18.0,95.0,70.0,5.0,-64.0,43.0,63.0,51.0,-56.0,37.0,129.0,133.0,38.0,7.0,-13.0,256.0,-46.0,19.0,-18.0,153.0,50.0,-45.0,1.0,512.0,-531.0,15.0,-10.0,2.0,-563.0,-22.0,74.0,-1.0,72.0,41.0
1,2016-44,1754,182.0,-45.0,-73.0,21.0,-37.0,-54.0,40.0,54.0,-156.0,-127.0,180.0,-85.0,-25.0,-315.0,90.0,-8.0,-186.0,113.0,45.0,99.0,18.0,95.0,70.0,5.0,-64.0,43.0,63.0,51.0,-56.0,37.0,129.0,133.0,38.0,7.0,-13.0,256.0,-46.0,19.0,-18.0,153.0,50.0,-45.0,1.0,512.0,-531.0,15.0,-10.0,2.0,-563.0,-22.0,74.0,-1.0,72.0
1,2016-45,1735,-19.0,182.0,-45.0,-73.0,21.0,-37.0,-54.0,40.0,54.0,-156.0,-127.0,180.0,-85.0,-25.0,-315.0,90.0,-8.0,-186.0,113.0,45.0,99.0,18.0,95.0,70.0,5.0,-64.0,43.0,63.0,51.0,-56.0,37.0,129.0,133.0,38.0,7.0,-13.0,256.0,-46.0,19.0,-18.0,153.0,50.0,-45.0,1.0,512.0,-531.0,15.0,-10.0,2.0,-563.0,-22.0,74.0,-1.0
1,2016-46,1672,-63.0,-19.0,182.0,-45.0,-73.0,21.0,-37.0,-54.0,40.0,54.0,-156.0,-127.0,180.0,-85.0,-25.0,-315.0,90.0,-8.0,-186.0,113.0,45.0,99.0,18.0,95.0,70.0,5.0,-64.0,43.0,63.0,51.0,-56.0,37.0,129.0,133.0,38.0,7.0,-13.0,256.0,-46.0,19.0,-18.0,153.0,50.0,-45.0,1.0,512.0,-531.0,15.0,-10.0,2.0,-563.0,-22.0,74.0
1,2016-47,1681,9.0,-63.0,-19.0,182.0,-45.0,-73.0,21.0,-37.0,-54.0,40.0,54.0,-156.0,-127.0,180.0,-85.0,-25.0,-315.0,90.0,-8.0,-186.0,113.0,45.0,99.0,18.0,95.0,70.0,5.0,-64.0,43.0,63.0,51.0,-56.0,37.0,129.0,133.0,38.0,7.0,-13.0,256.0,-46.0,19.0,-18.0,153.0,50.0,-45.0,1.0,512.0,-531.0,15.0,-10.0,2.0,-563.0,-22.0
1,2016-48,1503,-178.0,9.0,-63.0,-19.0,182.0,-45.0,-73.0,21.0,-37.0,-54.0,40.0,54.0,-156.0,-127.0,180.0,-85.0,-25.0,-315.0,90.0,-8.0,-186.0,113.0,45.0,99.0,18.0,95.0,70.0,5.0,-64.0,43.0,63.0,51.0,-56.0,37.0,129.0,133.0,38.0,7.0,-13.0,256.0,-46.0,19.0,-18.0,153.0,50.0,-45.0,1.0,512.0,-531.0,15.0,-10.0,2.0,-563.0
1,2016-49,1285,-218.0,-178.0,9.0,-63.0,-19.0,182.0,-45.0,-73.0,21.0,-37.0,-54.0,40.0,54.0,-156.0,-127.0,180.0,-85.0,-25.0,-315.0,90.0,-8.0,-186.0,113.0,45.0,99.0,18.0,95.0,70.0,5.0,-64.0,43.0,63.0,51.0,-56.0,37.0,129.0,133.0,38.0,7.0,-13.0,256.0,-46.0,19.0,-18.0,153.0,50.0,-45.0,1.0,512.0,-531.0,15.0,-10.0,2.0
1,2016-50,1233,-52.0,-218.0,-178.0,9.0,-63.0,-19.0,182.0,-45.0,-73.0,21.0,-37.0,-54.0,40.0,54.0,-156.0,-127.0,180.0,-85.0,-25.0,-315.0,90.0,-8.0,-186.0,113.0,45.0,99.0,18.0,95.0,70.0,5.0,-64.0,43.0,63.0,51.0,-56.0,37.0,129.0,133.0,38.0,7.0,-13.0,256.0,-46.0,19.0,-18.0,153.0,50.0,-45.0,1.0,512.0,-531.0,15.0,-10.0
1,2016-51,1283,50.0,-52.0,-218.0,-178.0,9.0,-63.0,-19.0,182.0,-45.0,-73.0,21.0,-37.0,-54.0,40.0,54.0,-156.0,-127.0,180.0,-85.0,-25.0,-315.0,90.0,-8.0,-186.0,113.0,45.0,99.0,18.0,95.0,70.0,5.0,-64.0,43.0,63.0,51.0,-56.0,37.0,129.0,133.0,38.0,7.0,-13.0,256.0,-46.0,19.0,-18.0,153.0,50.0,-45.0,1.0,512.0,-531.0,15.0
1,2016-52,1067,-216.0,50.0,-52.0,-218.0,-178.0,9.0,-63.0,-19.0,182.0,-45.0,-73.0,21.0,-37.0,-54.0,40.0,54.0,-156.0,-127.0,180.0,-85.0,-25.0,-315.0,90.0,-8.0,-186.0,113.0,45.0,99.0,18.0,95.0,70.0,5.0,-64.0,43.0,63.0,51.0,-56.0,37.0,129.0,133.0,38.0,7.0,-13.0,256.0,-46.0,19.0,-18.0,153.0,50.0,-45.0,1.0,512.0,-531.0
1,2016-53,585,-482.0,-216.0,50.0,-52.0,-218.0,-178.0,9.0,-63.0,-19.0,182.0,-45.0,-73.0,21.0,-37.0,-54.0,40.0,54.0,-156.0,-127.0,180.0,-85.0,-25.0,-315.0,90.0,-8.0,-186.0,113.0,45.0,99.0,18.0,95.0,70.0,5.0,-64.0,43.0,63.0,51.0,-56.0,37.0,129.0,133.0,38.0,7.0,-13.0,256.0,-46.0,19.0,-18.0,153.0,50.0,-45.0,1.0,512.0
1,2017-01,1171,586.0,-482.0,-216.0,50.0,-52.0,-218.0,-178.0,9.0,-63.0,-19.0,182.0,-45.0,-73.0,21.0,-37.0,-54.0,40.0,54.0,-156.0,-127.0,180.0,-85.0,-25.0,-315.0,90.0,-8.0,-186.0,113.0,45.0,99.0,18.0,95.0,70.0,5.0,-64.0,43.0,63.0,51.0,-56.0,37.0,129.0,133.0,38.0,7.0,-13.0,256.0,-46.0,19.0,-18.0,153.0,50.0,-45.0,1.0
1,2017-02,1231,60.0,586.0,-482.0,-216.0,50.0,-52.0,-218.0,-178.0,9.0,-63.0,-19.0,182.0,-45.0,-73.0,21.0,-37.0,-54.0,40.0,54.0,-156.0,-127.0,180.0,-85.0,-25.0,-315.0,90.0,-8.0,-186.0,113.0,45.0,99.0,18.0,95.0,70.0,5.0,-64.0,43.0,63.0,51.0,-56.0,37.0,129.0,133.0,38.0,7.0,-13.0,256.0,-46.0,19.0,-18.0,153.0,50.0,-45.0
1,2017-03,1215,-16.0,60.0,586.0,-482.0,-216.0,50.0,-52.0,-218.0,-178.0,9.0,-63.0,-19.0,182.0,-45.0,-73.0,21.0,-37.0,-54.0,40.0,54.0,-156.0,-127.0,180.0,-85.0,-25.0,-315.0,90.0,-8.0,-186.0,113.0,45.0,99.0,18.0,95.0,70.0,5.0,-64.0,43.0,63.0,51.0,-56.0,37.0,129.0,133.0,38.0,7.0,-13.0,256.0,-46.0,19.0,-18.0,153.0,50.0
1,2017-04,1134,-81.0,-16.0,60.0,586.0,-482.0,-216.0,50.0,-52.0,-218.0,-178.0,9.0,-63.0,-19.0,182.0,-45.0,-73.0,21.0,-37.0,-54.0,40.0,54.0,-156.0,-127.0,180.0,-85.0,-25.0,-315.0,90.0,-8.0,-186.0,113.0,45.0,99.0,18.0,95.0,70.0,5.0,-64.0,43.0,63.0,51.0,-56.0,37.0,129.0,133.0,38.0,7.0,-13.0,256.0,-46.0,19.0,-18.0,153.0
1,2017-05,1281,147.0,-81.0,-16.0,60.0,586.0,-482.0,-216.0,50.0,-52.0,-218.0,-178.0,9.0,-63.0,-19.0,182.0,-45.0,-73.0,21.0,-37.0,-54.0,40.0,54.0,-156.0,-127.0,180.0,-85.0,-25.0,-315.0,90.0,-8.0,-186.0,113.0,45.0,99.0,18.0,95.0,70.0,5.0,-64.0,43.0,63.0,51.0,-56.0,37.0,129.0,133.0,38.0,7.0,-13.0,256.0,-46.0,19.0,-18.0
1,2017-06,1349,68.0,147.0,-81.0,-16.0,60.0,586.0,-482.0,-216.0,50.0,-52.0,-218.0,-178.0,9.0,-63.0,-19.0,182.0,-45.0,-73.0,21.0,-37.0,-54.0,40.0,54.0,-156.0,-127.0,180.0,-85.0,-25.0,-315.0,90.0,-8.0,-186.0,113.0,45.0,99.0,18.0,95.0,70.0,5.0,-64.0,43.0,63.0,51.0,-56.0,37.0,129.0,133.0,38.0,7.0,-13.0,256.0,-46.0,19.0
1,2017-07,1314,-35.0,68.0,147.0,-81.0,-16.0,60.0,586.0,-482.0,-216.0,50.0,-52.0,-218.0,-178.0,9.0,-63.0,-19.0,182.0,-45.0,-73.0,21.0,-37.0,-54.0,40.0,54.0,-156.0,-127.0,180.0,-85.0,-25.0,-315.0,90.0,-8.0,-186.0,113.0,45.0,99.0,18.0,95.0,70.0,5.0,-64.0,43.0,63.0,51.0,-56.0,37.0,129.0,133.0,38.0,7.0,-13.0,256.0,-46.0
1,2017-08,1315,1.0,-35.0,68.0,147.0,-81.0,-16.0,60.0,586.0,-482.0,-216.0,50.0,-52.0,-218.0,-178.0,9.0,-63.0,-19.0,182.0,-45.0,-73.0,21.0,-37.0,-54.0,40.0,54.0,-156.0,-127.0,180.0,-85.0,-25.0,-315.0,90.0,-8.0,-186.0,113.0,45.0,99.0,18.0,95.0,70.0,5.0,-64.0,43.0,63.0,51.0,-56.0,37.0,129.0,133.0,38.0,7.0,-13.0,256.0
1,2017-09,1496,181.0,1.0,-35.0,68.0,147.0,-81.0,-16.0,60.0,586.0,-482.0,-216.0,50.0,-52.0,-218.0,-178.0,9.0,-63.0,-19.0,182.0,-45.0,-73.0,21.0,-37.0,-54.0,40.0,54.0,-156.0,-127.0,180.0,-85.0,-25.0,-315.0,90.0,-8.0,-186.0,113.0,45.0,99.0,18.0,95.0,70.0,5.0,-64.0,43.0,63.0,51.0,-56.0,37.0,129.0,133.0,38.0,7.0,-13.0
1,2017-10,1496,0.0,181.0,1.0,-35.0,68.0,147.0,-81.0,-16.0,60.0,586.0,-482.0,-216.0,50.0,-52.0,-218.0,-178.0,9.0,-63.0,-19.0,182.0,-45.0,-73.0,21.0,-37.0,-54.0,40.0,54.0,-156.0,-127.0,180.0,-85.0,-25.0,-315.0,90.0,-8.0,-186.0,113.0,45.0,99.0,18.0,95.0,70.0,5.0,-64.0,43.0,63.0,51.0,-56.0,37.0,129.0,133.0,38.0,7.0
1,2017-11,1569,73.0,0.0,181.0,1.0,-35.0,68.0,147.0,-81.0,-16.0,60.0,586.0,-482.0,-216.0,50.0,-52.0,-218.0,-178.0,9.0,-63.0,-19.0,182.0,-45.0,-73.0,21.0,-37.0,-54.0,40.0,54.0,-156.0,-127.0,180.0,-85.0,-25.0,-315.0,90.0,-8.0,-186.0,113.0,45.0,99.0,18.0,95.0,70.0,5.0,-64.0,43.0,63.0,51.0,-56.0,37.0,129.0,133.0,38.0
1,2017-12,1478,-91.0,73.0,0.0,181.0,1.0,-35.0,68.0,147.0,-81.0,-16.0,60.0,586.0,-482.0,-216.0,50.0,-52.0,-218.0,-178.0,9.0,-63.0,-19.0,182.0,-45.0,-73.0,21.0,-37.0,-54.0,40.0,54.0,-156.0,-127.0,180.0,-85.0,-25.0,-315.0,90.0,-8.0,-186.0,113.0,45.0,99.0,18.0,95.0,70.0,5.0,-64.0,43.0,63.0,51.0,-56.0,37.0,129.0,133.0
1,2017-13,1609,131.0,-91.0,73.0,0.0,181.0,1.0,-35.0,68.0,147.0,-81.0,-16.0,60.0,586.0,-482.0,-216.0,50.0,-52.0,-218.0,-178.0,9.0,-63.0,-19.0,182.0,-45.0,-73.0,21.0,-37.0,-54.0,40.0,54.0,-156.0,-127.0,180.0,-85.0,-25.0,-315.0,90.0,-8.0,-186.0,113.0,45.0,99.0,18.0,95.0,70.0,5.0,-64.0,43.0,63.0,51.0,-56.0,37.0,129.0
1,2017-14,1809,200.0,131.0,-91.0,73.0,0.0,181.0,1.0,-35.0,68.0,147.0,-81.0,-16.0,60.0,586.0,-482.0,-216.0,50.0,-52.0,-218.0,-178.0,9.0,-63.0,-19.0,182.0,-45.0,-73.0,21.0,-37.0,-54.0,40.0,54.0,-156.0,-127.0,180.0,-85.0,-25.0,-315.0,90.0,-8.0,-186.0,113.0,45.0,99.0,18.0,95.0,70.0,5.0,-64.0,43.0,63.0,51.0,-56.0,37.0
1,2017-15,1868,59.0,200.0,131.0,-91.0,73.0,0.0,181.0,1.0,-35.0,68.0,147.0,-81.0,-16.0,60.0,586.0,-482.0,-216.0,50.0,-52.0,-218.0,-178.0,9.0,-63.0,-19.0,182.0,-45.0,-73.0,21.0,-37.0,-54.0,40.0,54.0,-156.0,-127.0,180.0,-85.0,-25.0,-315.0,90.0,-8.0,-186.0,113.0,45.0,99.0,18.0,95.0,70.0,5.0,-64.0,43.0,63.0,51.0,-56.0
1,2017-16,1854,-14.0,59.0,200.0,131.0,-91.0,73.0,0.0,181.0,1.0,-35.0,68.0,147.0,-81.0,-16.0,60.0,586.0,-482.0,-216.0,50.0,-52.0,-218.0,-178.0,9.0,-63.0,-19.0,182.0,-45.0,-73.0,21.0,-37.0,-54.0,40.0,54.0,-156.0,-127.0,180.0,-85.0,-25.0,-315.0,90.0,-8.0,-186.0,113.0,45.0,99.0,18.0,95.0,70.0,5.0,-64.0,43.0,63.0,51.0
1,2017-17,1812,-42.0,-14.0,59.0,200.0,131.0,-91.0,73.0,0.0,181.0,1.0,-35.0,68.0,147.0,-81.0,-16.0,60.0,586.0,-482.0,-216.0,50.0,-52.0,-218.0,-178.0,9.0,-63.0,-19.0,182.0,-45.0,-73.0,21.0,-37.0,-54.0,40.0,54.0,-156.0,-127.0,180.0,-85.0,-25.0,-315.0,90.0,-8.0,-186.0,113.0,45.0,99.0,18.0,95.0,70.0,5.0,-64.0,43.0,63.0
1,2017-18,1980,168.0,-42.0,-14.0,59.0,200.0,131.0,-91.0,73.0,0.0,181.0,1.0,-35.0,68.0,147.0,-81.0,-16.0,60.0,586.0,-482.0,-216.0,50.0,-52.0,-218.0,-178.0,9.0,-63.0,-19.0,182.0,-45.0,-73.0,21.0,-37.0,-54.0,40.0,54.0,-156.0,-127.0,180.0,-85.0,-25.0,-315.0,90.0,-8.0,-186.0,113.0,45.0,99.0,18.0,95.0,70.0,5.0,-64.0,43.0
1,2017-19,1899,-81.0,168.0,-42.0,-14.0,59.0,200.0,131.0,-91.0,73.0,0.0,181.0,1.0,-35.0,68.0,147.0,-81.0,-16.0,60.0,586.0,-482.0,-216.0,50.0,-52.0,-218.0,-178.0,9.0,-63.0,-19.0,182.0,-45.0,-73.0,21.0,-37.0,-54.0,40.0,54.0,-156.0,-127.0,180.0,-85.0,-25.0,-315.0,90.0,-8.0,-186.0,113.0,45.0,99.0,18.0,95.0,70.0,5.0,-64.0
1,2017-20,1967,68.0,-81.0,168.0,-42.0,-14.0,59.0,200.0,131.0,-91.0,73.0,0.0,181.0,1.0,-35.0,68.0,147.0,-81.0,-16.0,60.0,586.0,-482.0,-216.0,50.0,-52.0,-218.0,-178.0,9.0,-63.0,-19.0,182.0,-45.0,-73.0,21.0,-37.0,-54.0,40.0,54.0,-156.0,-127.0,180.0,-85.0,-25.0,-315.0,90.0,-8.0,-186.0,113.0,45.0,99.0,18.0,95.0,70.0,5.0
1,2017-21,1971,4.0,68.0,-81.0,168.0,-42.0,-14.0,59.0,200.0,131.0,-91.0,73.0,0.0,181.0,1.0,-35.0,68.0,147.0,-81.0,-16.0,60.0,586.0,-482.0,-216.0,50.0,-52.0,-218.0,-178.0,9.0,-63.0,-19.0,182.0,-45.0,-73.0,21.0,-37.0,-54.0,40.0,54.0,-156.0,-127.0,180.0,-85.0,-25.0,-315.0,90.0,-8.0,-186.0,113.0,45.0,99.0,18.0,95.0,70.0
1,2017-22,1997,26.0,4.0,68.0,-81.0,168.0,-42.0,-14.0,59.0,200.0,131.0,-91.0,73.0,0.0,181.0,1.0,-35.0,68.0,147.0,-81.0,-16.0,60.0,586.0,-482.0,-216.0,50.0,-52.0,-218.0,-178.0,9.0,-63.0,-19.0,182.0,-45.0,-73.0,21.0,-37.0,-54.0,40.0,54.0,-156.0,-127.0,180.0,-85.0,-25.0,-315.0,90.0,-8.0,-186.0,113.0,45.0,99.0,18.0,95.0
1,2017-23,2112,115.0,26.0,4.0,68.0,-81.0,168.0,-42.0,-14.0,59.0,200.0,131.0,-91.0,73.0,0.0,181.0,1.0,-35.0,68.0,147.0,-81.0,-16.0,60.0,586.0,-482.0,-216.0,50.0,-52.0,-218.0,-178.0,9.0,-63.0,-19.0,182.0,-45.0,-73.0,21.0,-37.0,-54.0,40.0,54.0,-156.0,-127.0,180.0,-85.0,-25.0,-315.0,90.0,-8.0,-186.0,113.0,45.0,99.0,18.0
1,2017-24,2097,-15.0,115.0,26.0,4.0,68.0,-81.0,168.0,-42.0,-14.0,59.0,200.0,131.0,-91.0,73.0,0.0,181.0,1.0,-35.0,68.0,147.0,-81.0,-16.0,60.0,586.0,-482.0,-216.0,50.0,-52.0,-218.0,-178.0,9.0,-63.0,-19.0,182.0,-45.0,-73.0,21.0,-37.0,-54.0,40.0,54.0,-156.0,-127.0,180.0,-85.0,-25.0,-315.0,90.0,-8.0,-186.0,113.0,45.0,99.0
1,2017-25,2078,-19.0,-15.0,115.0,26.0,4.0,68.0,-81.0,168.0,-42.0,-14.0,59.0,200.0,131.0,-91.0,73.0,0.0,181.0,1.0,-35.0,68.0,147.0,-81.0,-16.0,60.0,586.0,-482.0,-216.0,50.0,-52.0,-218.0,-178.0,9.0,-63.0,-19.0,182.0,-45.0,-73.0,21.0,-37.0,-54.0,40.0,54.0,-156.0,-127.0,180.0,-85.0,-25.0,-315.0,90.0,-8.0,-186.0,113.0,45.0
1,2017-26,2119,41.0,-19.0,-15.0,115.0,26.0,4.0,68.0,-81.0,168.0,-42.0,-14.0,59.0,200.0,131.0,-91.0,73.0,0.0,181.0,1.0,-35.0,68.0,147.0,-81.0,-16.0,60.0,586.0,-482.0,-216.0,50.0,-52.0,-218.0,-178.0,9.0,-63.0,-19.0,182.0,-45.0,-73.0,21.0,-37.0,-54.0,40.0,54.0,-156.0,-127.0,180.0,-85.0,-25.0,-315.0,90.0,-8.0,-186.0,113.0
1,2017-27,2227,108.0,41.0,-19.0,-15.0,115.0,26.0,4.0,68.0,-81.0,168.0,-42.0,-14.0,59.0,200.0,131.0,-91.0,73.0,0.0,181.0,1.0,-35.0,68.0,147.0,-81.0,-16.0,60.0,586.0,-482.0,-216.0,50.0,-52.0,-218.0,-178.0,9.0,-63.0,-19.0,182.0,-45.0,-73.0,21.0,-37.0,-54.0,40.0,54.0,-156.0,-127.0,180.0,-85.0,-25.0,-315.0,90.0,-8.0,-186.0
1,2017-28,2261,34.0,108.0,41.0,-19.0,-15.0,115.0,26.0,4.0,68.0,-81.0,168.0,-42.0,-14.0,59.0,200.0,131.0,-91.0,73.0,0.0,181.0,1.0,-35.0,68.0,147.0,-81.0,-16.0,60.0,586.0,-482.0,-216.0,50.0,-52.0,-218.0,-178.0,9.0,-63.0,-19.0,182.0,-45.0,-73.0,21.0,-37.0,-54.0,40.0,54.0,-156.0,-127.0,180.0,-85.0,-25.0,-315.0,90.0,-8.0
1,2017-29,2239,-22.0,34.0,108.0,41.0,-19.0,-15.0,115.0,26.0,4.0,68.0,-81.0,168.0,-42.0,-14.0,59.0,200.0,131.0,-91.0,73.0,0.0,181.0,1.0,-35.0,68.0,147.0,-81.0,-16.0,60.0,586.0,-482.0,-216.0,50.0,-52.0,-218.0,-178.0,9.0,-63.0,-19.0,182.0,-45.0,-73.0,21.0,-37.0,-54.0,40.0,54.0,-156.0,-127.0,180.0,-85.0,-25.0,-315.0,90.0
1,2017-30,2247,8.0,-22.0,34.0,108.0,41.0,-19.0,-15.0,115.0,26.0,4.0,68.0,-81.0,168.0,-42.0,-14.0,59.0,200.0,131.0,-91.0,73.0,0.0,181.0,1.0,-35.0,68.0,147.0,-81.0,-16.0,60.0,586.0,-482.0,-216.0,50.0,-52.0,-218.0,-178.0,9.0,-63.0,-19.0,182.0,-45.0,-73.0,21.0,-37.0,-54.0,40.0,54.0,-156.0,-127.0,180.0,-85.0,-25.0,-315.0
1,2017-31,1947,-300.0,8.0,-22.0,34.0,108.0,41.0,-19.0,-15.0,115.0,26.0,4.0,68.0,-81.0,168.0,-42.0,-14.0,59.0,200.0,131.0,-91.0,73.0,0.0,181.0,1.0,-35.0,68.0,147.0,-81.0,-16.0,60.0,586.0,-482.0,-216.0,50.0,-52.0,-218.0,-178.0,9.0,-63.0,-19.0,182.0,-45.0,-73.0,21.0,-37.0,-54.0,40.0,54.0,-156.0,-127.0,180.0,-85.0,-25.0
1,2017-32,1961,14.0,-300.0,8.0,-22.0,34.0,108.0,41.0,-19.0,-15.0,115.0,26.0,4.0,68.0,-81.0,168.0,-42.0,-14.0,59.0,200.0,131.0,-91.0,73.0,0.0,181.0,1.0,-35.0,68.0,147.0,-81.0,-16.0,60.0,586.0,-482.0,-216.0,50.0,-52.0,-218.0,-178.0,9.0,-63.0,-19.0,182.0,-45.0,-73.0,21.0,-37.0,-54.0,40.0,54.0,-156.0,-127.0,180.0,-85.0
1,2017-33,1926,-35.0,14.0,-300.0,8.0,-22.0,34.0,108.0,41.0,-19.0,-15.0,115.0,26.0,4.0,68.0,-81.0,168.0,-42.0,-14.0,59.0,200.0,131.0,-91.0,73.0,0.0,181.0,1.0,-35.0,68.0,147.0,-81.0,-16.0,60.0,586.0,-482.0,-216.0,50.0,-52.0,-218.0,-178.0,9.0,-63.0,-19.0,182.0,-45.0,-73.0,21.0,-37.0,-54.0,40.0,54.0,-156.0,-127.0,180.0
1,2017-34,1948,22.0,-35.0,14.0,-300.0,8.0,-22.0,34.0,108.0,41.0,-19.0,-15.0,115.0,26.0,4.0,68.0,-81.0,168.0,-42.0,-14.0,59.0,200.0,131.0,-91.0,73.0,0.0,181.0,1.0,-35.0,68.0,147.0,-81.0,-16.0,60.0,586.0,-482.0,-216.0,50.0,-52.0,-218.0,-178.0,9.0,-63.0,-19.0,182.0,-45.0,-73.0,21.0,-37.0,-54.0,40.0,54.0,-156.0,-127.0
1,2017-35,1887,-61.0,22.0,-35.0,14.0,-300.0,8.0,-22.0,34.0,108.0,41.0,-19.0,-15.0,115.0,26.0,4.0,68.0,-81.0,168.0,-42.0,-14.0,59.0,200.0,131.0,-91.0,73.0,0.0,181.0,1.0,-35.0,68.0,147.0,-81.0,-16.0,60.0,586.0,-482.0,-216.0,50.0,-52.0,-218.0,-178.0,9.0,-63.0,-19.0,182.0,-45.0,-73.0,21.0,-37.0,-54.0,40.0,54.0,-156.0
1,2017-36,1839,-48.0,-61.0,22.0,-35.0,14.0,-300.0,8.0,-22.0,34.0,108.0,41.0,-19.0,-15.0,115.0,26.0,4.0,68.0,-81.0,168.0,-42.0,-14.0,59.0,200.0,131.0,-91.0,73.0,0.0,181.0,1.0,-35.0,68.0,147.0,-81.0,-16.0,60.0,586.0,-482.0,-216.0,50.0,-52.0,-218.0,-178.0,9.0,-63.0,-19.0,182.0,-45.0,-73.0,21.0,-37.0,-54.0,40.0,54.0
1,2017-37,1859,20.0,-48.0,-61.0,22.0,-35.0,14.0,-300.0,8.0,-22.0,34.0,108.0,41.0,-19.0,-15.0,115.0,26.0,4.0,68.0,-81.0,168.0,-42.0,-14.0,59.0,200.0,131.0,-91.0,73.0,0.0,181.0,1.0,-35.0,68.0,147.0,-81.0,-16.0,60.0,586.0,-482.0,-216.0,50.0,-52.0,-218.0,-178.0,9.0,-63.0,-19.0,182.0,-45.0,-73.0,21.0,-37.0,-54.0,40.0
1,2017-38,1822,-37.0,20.0,-48.0,-61.0,22.0,-35.0,14.0,-300.0,8.0,-22.0,34.0,108.0,41.0,-19.0,-15.0,115.0,26.0,4.0,68.0,-81.0,168.0,-42.0,-14.0,59.0,200.0,131.0,-91.0,73.0,0.0,181.0,1.0,-35.0,68.0,147.0,-81.0,-16.0,60.0,586.0,-482.0,-216.0,50.0,-52.0,-218.0,-178.0,9.0,-63.0,-19.0,182.0,-45.0,-73.0,21.0,-37.0,-54.0
1,2017-39,1759,-63.0,-37.0,20.0,-48.0,-61.0,22.0,-35.0,14.0,-300.0,8.0,-22.0,34.0,108.0,41.0,-19.0,-15.0,115.0,26.0,4.0,68.0,-81.0,168.0,-42.0,-14.0,59.0,200.0,131.0,-91.0,73.0,0.0,181.0,1.0,-35.0,68.0,147.0,-81.0,-16.0,60.0,586.0,-482.0,-216.0,50.0,-52.0,-218.0,-178.0,9.0,-63.0,-19.0,182.0,-45.0,-73.0,21.0,-37.0
1,2017-40,1779,20.0,-63.0,-37.0,20.0,-48.0,-61.0,22.0,-35.0,14.0,-300.0,8.0,-22.0,34.0,108.0,41.0,-19.0,-15.0,115.0,26.0,4.0,68.0,-81.0,168.0,-42.0,-14.0,59.0,200.0,131.0,-91.0,73.0,0.0,181.0,1.0,-35.0,68.0,147.0,-81.0,-16.0,60.0,586.0,-482.0,-216.0,50.0,-52.0,-218.0,-178.0,9.0,-63.0,-19.0,182.0,-45.0,-73.0,21.0
1,2017-41,1767,-12.0,20.0,-63.0,-37.0,20.0,-48.0,-61.0,22.0,-35.0,14.0,-300.0,8.0,-22.0,34.0,108.0,41.0,-19.0,-15.0,115.0,26.0,4.0,68.0,-81.0,168.0,-42.0,-14.0,59.0,200.0,131.0,-91.0,73.0,0.0,181.0,1.0,-35.0,68.0,147.0,-81.0,-16.0,60.0,586.0,-482.0,-216.0,50.0,-52.0,-218.0,-178.0,9.0,-63.0,-19.0,182.0,-45.0,-73.0
1,2017-42,1709,-58.0,-12.0,20.0,-63.0,-37.0,20.0,-48.0,-61.0,22.0,-35.0,14.0,-300.0,8.0,-22.0,34.0,108.0,41.0,-19.0,-15.0,115.0,26.0,4.0,68.0,-81.0,168.0,-42.0,-14.0,59.0,200.0,131.0,-91.0,73.0,0.0,181.0,1.0,-35.0,68.0,147.0,-81.0,-16.0,60.0,586.0,-482.0,-216.0,50.0,-52.0,-218.0,-178.0,9.0,-63.0,-19.0,182.0,-45.0
1,2017-43,1656,-53.0,-58.0,-12.0,20.0,-63.0,-37.0,20.0,-48.0,-61.0,22.0,-35.0,14.0,-300.0,8.0,-22.0,34.0,108.0,41.0,-19.0,-15.0,115.0,26.0,4.0,68.0,-81.0,168.0,-42.0,-14.0,59.0,200.0,131.0,-91.0,73.0,0.0,181.0,1.0,-35.0,68.0,147.0,-81.0,-16.0,60.0,586.0,-482.0,-216.0,50.0,-52.0,-218.0,-178.0,9.0,-63.0,-19.0,182.0
1,2017-44,1760,104.0,-53.0,-58.0,-12.0,20.0,-63.0,-37.0,20.0,-48.0,-61.0,22.0,-35.0,14.0,-300.0,8.0,-22.0,34.0,108.0,41.0,-19.0,-15.0,115.0,26.0,4.0,68.0,-81.0,168.0,-42.0,-14.0,59.0,200.0,131.0,-91.0,73.0,0.0,181.0,1.0,-35.0,68.0,147.0,-81.0,-16.0,60.0,586.0,-482.0,-216.0,50.0,-52.0,-218.0,-178.0,9.0,-63.0,-19.0
1,2017-45,1748,-12.0,104.0,-53.0,-58.0,-12.0,20.0,-63.0,-37.0,20.0,-48.0,-61.0,22.0,-35.0,14.0,-300.0,8.0,-22.0,34.0,108.0,41.0,-19.0,-15.0,115.0,26.0,4.0,68.0,-81.0,168.0,-42.0,-14.0,59.0,200.0,131.0,-91.0,73.0,0.0,181.0,1.0,-35.0,68.0,147.0,-81.0,-16.0,60.0,586.0,-482.0,-216.0,50.0,-52.0,-218.0,-178.0,9.0,-63.0
1,2017-46,1826,78.0,-12.0,104.0,-53.0,-58.0,-12.0,20.0,-63.0,-37.0,20.0,-48.0,-61.0,22.0,-35.0,14.0,-300.0,8.0,-22.0,34.0,108.0,41.0,-19.0,-15.0,115.0,26.0,4.0,68.0,-81.0,168.0,-42.0,-14.0,59.0,200.0,131.0,-91.0,73.0,0.0,181.0,1.0,-35.0,68.0,147.0,-81.0,-16.0,60.0,586.0,-482.0,-216.0,50.0,-52.0,-218.0,-178.0,9.0
1,2017-47,1836,10.0,78.0,-12.0,104.0,-53.0,-58.0,-12.0,20.0,-63.0,-37.0,20.0,-48.0,-61.0,22.0,-35.0,14.0,-300.0,8.0,-22.0,34.0,108.0,41.0,-19.0,-15.0,115.0,26.0,4.0,68.0,-81.0,168.0,-42.0,-14.0,59.0,200.0,131.0,-91.0,73.0,0.0,181.0,1.0,-35.0,68.0,147.0,-81.0,-16.0,60.0,586.0,-482.0,-216.0,50.0,-52.0,-218.0,-178.0
1,2017-48,1549,-287.0,10.0,78.0,-12.0,104.0,-53.0,-58.0,-12.0,20.0,-63.0,-37.0,20.0,-48.0,-61.0,22.0,-35.0,14.0,-300.0,8.0,-22.0,34.0,108.0,41.0,-19.0,-15.0,115.0,26.0,4.0,68.0,-81.0,168.0,-42.0,-14.0,59.0,200.0,131.0,-91.0,73.0,0.0,181.0,1.0,-35.0,68.0,147.0,-81.0,-16.0,60.0,586.0,-482.0,-216.0,50.0,-52.0,-218.0
1,2017-49,1288,-261.0,-287.0,10.0,78.0,-12.0,104.0,-53.0,-58.0,-12.0,20.0,-63.0,-37.0,20.0,-48.0,-61.0,22.0,-35.0,14.0,-300.0,8.0,-22.0,34.0,108.0,41.0,-19.0,-15.0,115.0,26.0,4.0,68.0,-81.0,168.0,-42.0,-14.0,59.0,200.0,131.0,-91.0,73.0,0.0,181.0,1.0,-35.0,68.0,147.0,-81.0,-16.0,60.0,586.0,-482.0,-216.0,50.0,-52.0
1,2017-50,1300,12.0,-261.0,-287.0,10.0,78.0,-12.0,104.0,-53.0,-58.0,-12.0,20.0,-63.0,-37.0,20.0,-48.0,-61.0,22.0,-35.0,14.0,-300.0,8.0,-22.0,34.0,108.0,41.0,-19.0,-15.0,115.0,26.0,4.0,68.0,-81.0,168.0,-42.0,-14.0,59.0,200.0,131.0,-91.0,73.0,0.0,181.0,1.0,-35.0,68.0,147.0,-81.0,-16.0,60.0,586.0,-482.0,-216.0,50.0
1,2017-51,1284,-16.0,12.0,-261.0,-287.0,10.0,78.0,-12.0,104.0,-53.0,-58.0,-12.0,20.0,-63.0,-37.0,20.0,-48.0,-61.0,22.0,-35.0,14.0,-300.0,8.0,-22.0,34.0,108.0,41.0,-19.0,-15.0,115.0,26.0,4.0,68.0,-81.0,168.0,-42.0,-14.0,59.0,200.0,131.0,-91.0,73.0,0.0,181.0,1.0,-35.0,68.0,147.0,-81.0,-16.0,60.0,586.0,-482.0,-216.0
1,2017-52,1508,224.0,-16.0,12.0,-261.0,-287.0,10.0,78.0,-12.0,104.0,-53.0,-58.0,-12.0,20.0,-63.0,-37.0,20.0,-48.0,-61.0,22.0,-35.0,14.0,-300.0,8.0,-22.0,34.0,108.0,41.0,-19.0,-15.0,115.0,26.0,4.0,68.0,-81.0,168.0,-42.0,-14.0,59.0,200.0,131.0,-91.0,73.0,0.0,181.0,1.0,-35.0,68.0,147.0,-81.0,-16.0,60.0,586.0,-482.0
1,2018-01,0,-1508.0,224.0,-16.0,12.0,-261.0,-287.0,10.0,78.0,-12.0,104.0,-53.0,-58.0,-12.0,20.0,-63.0,-37.0,20.0,-48.0,-61.0,22.0,-35.0,14.0,-300.0,8.0,-22.0,34.0,108.0,41.0,-19.0,-15.0,115.0,26.0,4.0,68.0,-81.0,168.0,-42.0,-14.0,59.0,200.0,131.0,-91.0,73.0,0.0,181.0,1.0,-35.0,68.0,147.0,-81.0,-16.0,60.0,586.0
