item,date,sales,sales_diff,lag_1,lag_2,lag_3,lag_4,lag_5,lag_6,lag_7,lag_8,lag_9,lag_10,lag_11,lag_12,lag_13,lag_14,lag_15,lag_16,lag_17,lag_18,lag_19,lag_20,lag_21,lag_22,lag_23,lag_24,lag_25,lag_26,lag_27,lag_28,lag_29,lag_30,lag_31,lag_32,lag_33,lag_34,lag_35,lag_36,lag_37,lag_38,lag_39,lag_40,lag_41,lag_42,lag_43,lag_44,lag_45,lag_46,lag_47,lag_48,lag_49,lag_50,lag_51,lag_52
2,2014-02,2657,-635.0,662.0,48.0,18.0,-20.0,-838.0,-210.0,-78.0,130.0,125.0,111.0,71.0,-88.0,-45.0,-129.0,-149.0,104.0,39.0,-275.0,-73.0,9.0,-58.0,-11.0,-441.0,-25.0,115.0,-119.0,257.0,84.0,11.0,-80.0,165.0,167.0,-149.0,141.0,4.0,374.0,-55.0,-20.0,-60.0,501.0,-40.0,-49.0,63.0,324.0,220.0,-70.0,12.0,205.0,85.0,-98.0,77.0,-382.0
2,2014-03,2651,-6.0,-635.0,662.0,48.0,18.0,-20.0,-838.0,-210.0,-78.0,130.0,125.0,111.0,71.0,-88.0,-45.0,-129.0,-149.0,104.0,39.0,-275.0,-73.0,9.0,-58.0,-11.0,-441.0,-25.0,115.0,-119.0,257.0,84.0,11.0,-80.0,165.0,167.0,-149.0,141.0,4.0,374.0,-55.0,-20.0,-60.0,501.0,-40.0,-49.0,63.0,324.0,220.0,-70.0,12.0,205.0,85.0,-98.0,77.0
2,2014-04,2666,15.0,-6.0,-635.0,662.0,48.0,18.0,-20.0,-838.0,-210.0,-78.0,130.0,125.0,111.0,71.0,-88.0,-45.0,-129.0,-149.0,104.0,39.0,-275.0,-73.0,9.0,-58.0,-11.0,-441.0,-25.0,115.0,-119.0,257.0,84.0,11.0,-80.0,165.0,167.0,-149.0,141.0,4.0,374.0,-55.0,-20.0,-60.0,501.0,-40.0,-49.0,63.0,324.0,220.0,-70.0,12.0,205.0,85.0,-98.0
2,2014-05,2866,200.0,15.0,-6.0,-635.0,662.0,48.0,18.0,-20.0,-838.0,-210.0,-78.0,130.0,125.0,111.0,71.0,-88.0,-45.0,-129.0,-149.0,104.0,39.0,-275.0,-73.0,9.0,-58.0,-11.0,-441.0,-25.0,115.0,-119.0,257.0,84.0,11.0,-80.0,165.0,167.0,-149.0,141.0,4.0,374.0,-55.0,-20.0,-60.0,501.0,-40.0,-49.0,63.0,324.0,220.0,-70.0,12.0,205.0,85.0
2,2014-06,3020,154.0,200.0,15.0,-6.0,-635.0,662.0,48.0,18.0,-20.0,-838.0,-210.0,-78.0,130.0,125.0,111.0,71.0,-88.0,-45.0,-129.0,-149.0,104.0,39.0,-275.0,-73.0,9.0,-58.0,-11.0,-441.0,-25.0,115.0,-119.0,257.0,84.0,11.0,-80.0,165.0,167.0,-149.0,141.0,4.0,374.0,-55.0,-20.0,-60.0,501.0,-40.0,-49.0,63.0,324.0,220.0,-70.0,12.0,205.0
2,2014-07,3058,38.0,154.0,200.0,15.0,-6.0,-635.0,662.0,48.0,18.0,-20.0,-838.0,-210.0,-78.0,130.0,125.0,111.0,71.0,-88.0,-45.0,-129.0,-149.0,104.0,39.0,-275.0,-73.0,9.0,-58.0,-11.0,-441.0,-25.0,115.0,-119.0,257.0,84.0,11.0,-80.0,165.0,167.0,-149.0,141.0,4.0,374.0,-55.0,-20.0,-60.0,501.0,-40.0,-49.0,63.0,324.0,220.0,-70.0,12.0
2,2014-08,2966,-92.0,38.0,154.0,200.0,15.0,-6.0,-635.0,662.0,48.0,18.0,-20.0,-838.0,-210.0,-78.0,130.0,125.0,111.0,71.0,-88.0,-45.0,-129.0,-149.0,104.0,39.0,-275.0,-73.0,9.0,-58.0,-11.0,-441.0,-25.0,115.0,-119.0,257.0,84.0,11.0,-80.0,165.0,167.0,-149.0,141.0,4.0,374.0,-55.0,-20.0,-60.0,501.0,-40.0,-49.0,63.0,324.0,220.0,-70.0
2,2014-09,3148,182.0,-92.0,38.0,154.0,200.0,15.0,-6.0,-635.0,662.0,48.0,18.0,-20.0,-838.0,-210.0,-78.0,130.0,125.0,111.0,71.0,-88.0,-45.0,-129.0,-149.0,104.0,39.0,-275.0,-73.0,9.0,-58.0,-11.0,-441.0,-25.0,115.0,-119.0,257.0,84.0,11.0,-80.0,165.0,167.0,-149.0,141.0,4.0,374.0,-55.0,-20.0,-60.0,501.0,-40.0,-49.0,63.0,324.0,220.0
2,2014-10,3684,536.0,182.0,-92.0,38.0,154.0,200.0,15.0,-6.0,-635.0,662.0,48.0,18.0,-20.0,-838.0,-210.0,-78.0,130.0,125.0,111.0,71.0,-88.0,-45.0,-129.0,-149.0,104.0,39.0,-275.0,-73.0,9.0,-58.0,-11.0,-441.0,-25.0,115.0,-119.0,257.0,84.0,11.0,-80.0,165.0,167.0,-149.0,141.0,4.0,374.0,-55.0,-20.0,-60.0,501.0,-40.0,-49.0,63.0,324.0
2,2014-11,3591,-93.0,536.0,182.0,-92.0,38.0,154.0,200.0,15.0,-6.0,-635.0,662.0,48.0,18.0,-20.0,-838.0,-210.0,-78.0,130.0,125.0,111.0,71.0,-88.0,-45.0,-129.0,-149.0,104.0,39.0,-275.0,-73.0,9.0,-58.0,-11.0,-441.0,-25.0,115.0,-119.0,257.0,84.0,11.0,-80.0,165.0,167.0,-149.0,141.0,4.0,374.0,-55.0,-20.0,-60.0,501.0,-40.0,-49.0,63.0
2,2014-12,3546,-45.0,-93.0,536.0,182.0,-92.0,38.0,154.0,200.0,15.0,-6.0,-635.0,662.0,48.0,18.0,-20.0,-838.0,-210.0,-78.0,130.0,125.0,111.0,71.0,-88.0,-45.0,-129.0,-149.0,104.0,39.0,-275.0,-73.0,9.0,-58.0,-11.0,-441.0,-25.0,115.0,-119.0,257.0,84.0,11.0,-80.0,165.0,167.0,-149.0,141.0,4.0,374.0,-55.0,-20.0,-60.0,501.0,-40.0,-49.0
2,2014-13,3575,29.0,-45.0,-93.0,536.0,182.0,-92.0,38.0,154.0,200.0,15.0,-6.0,-635.0,662.0,48.0,18.0,-20.0,-838.0,-210.0,-78.0,130.0,125.0,111.0,71.0,-88.0,-45.0,-129.0,-149.0,104.0,39.0,-275.0,-73.0,9.0,-58.0,-11.0,-441.0,-25.0,115.0,-119.0,257.0,84.0,11.0,-80.0,165.0,167.0,-149.0,141.0,4.0,374.0,-55.0,-20.0,-60.0,501.0,-40.0
2,2014-14,4017,442.0,29.0,-45.0,-93.0,536.0,182.0,-92.0,38.0,154.0,200.0,15.0,-6.0,-635.0,662.0,48.0,18.0,-20.0,-838.0,-210.0,-78.0,130.0,125.0,111.0,71.0,-88.0,-45.0,-129.0,-149.0,104.0,39.0,-275.0,-73.0,9.0,-58.0,-11.0,-441.0,-25.0,115.0,-119.0,257.0,84.0,11.0,-80.0,165.0,167.0,-149.0,141.0,4.0,374.0,-55.0,-20.0,-60.0,501.0
2,2014-15,4204,187.0,442.0,29.0,-45.0,-93.0,536.0,182.0,-92.0,38.0,154.0,200.0,15.0,-6.0,-635.0,662.0,48.0,18.0,-20.0,-838.0,-210.0,-78.0,130.0,125.0,111.0,71.0,-88.0,-45.0,-129.0,-149.0,104.0,39.0,-275.0,-73.0,9.0,-58.0,-11.0,-441.0,-25.0,115.0,-119.0,257.0,84.0,11.0,-80.0,165.0,167.0,-149.0,141.0,4.0,374.0,-55.0,-20.0,-60.0
2,2014-16,4195,-9.0,187.0,442.0,29.0,-45.0,-93.0,536.0,182.0,-92.0,38.0,154.0,200.0,15.0,-6.0,-635.0,662.0,48.0,18.0,-20.0,-838.0,-210.0,-78.0,130.0,125.0,111.0,71.0,-88.0,-45.0,-129.0,-149.0,104.0,39.0,-275.0,-73.0,9.0,-58.0,-11.0,-441.0,-25.0,115.0,-119.0,257.0,84.0,11.0,-80.0,165.0,167.0,-149.0,141.0,4.0,374.0,-55.0,-20.0
2,2014-17,4157,-38.0,-9.0,187.0,442.0,29.0,-45.0,-93.0,536.0,182.0,-92.0,38.0,154.0,200.0,15.0,-6.0,-635.0,662.0,48.0,18.0,-20.0,-838.0,-210.0,-78.0,130.0,125.0,111.0,71.0,-88.0,-45.0,-129.0,-149.0,104.0,39.0,-275.0,-73.0,9.0,-58.0,-11.0,-441.0,-25.0,115.0,-119.0,257.0,84.0,11.0,-80.0,165.0,167.0,-149.0,141.0,4.0,374.0,-55.0
2,2014-18,4325,168.0,-38.0,-9.0,187.0,442.0,29.0,-45.0,-93.0,536.0,182.0,-92.0,38.0,154.0,200.0,15.0,-6.0,-635.0,662.0,48.0,18.0,-20.0,-838.0,-210.0,-78.0,130.0,125.0,111.0,71.0,-88.0,-45.0,-129.0,-149.0,104.0,39.0,-275.0,-73.0,9.0,-58.0,-11.0,-441.0,-25.0,115.0,-119.0,257.0,84.0,11.0,-80.0,165.0,167.0,-149.0,141.0,4.0,374.0
2,2014-19,4553,228.0,168.0,-38.0,-9.0,187.0,442.0,29.0,-45.0,-93.0,536.0,182.0,-92.0,38.0,154.0,200.0,15.0,-6.0,-635.0,662.0,48.0,18.0,-20.0,-838.0,-210.0,-78.0,130.0,125.0,111.0,71.0,-88.0,-45.0,-129.0,-149.0,104.0,39.0,-275.0,-73.0,9.0,-58.0,-11.0,-441.0,-25.0,115.0,-119.0,257.0,84.0,11.0,-80.0,165.0,167.0,-149.0,141.0,4.0
2,2014-20,4346,-207.0,228.0,168.0,-38.0,-9.0,187.0,442.0,29.0,-45.0,-93.0,536.0,182.0,-92.0,38.0,154.0,200.0,15.0,-6.0,-635.0,662.0,48.0,18.0,-20.0,-838.0,-210.0,-78.0,130.0,125.0,111.0,71.0,-88.0,-45.0,-129.0,-149.0,104.0,39.0,-275.0,-73.0,9.0,-58.0,-11.0,-441.0,-25.0,115.0,-119.0,257.0,84.0,11.0,-80.0,165.0,167.0,-149.0,141.0
2,2014-21,4390,44.0,-207.0,228.0,168.0,-38.0,-9.0,187.0,442.0,29.0,-45.0,-93.0,536.0,182.0,-92.0,38.0,154.0,200.0,15.0,-6.0,-635.0,662.0,48.0,18.0,-20.0,-838.0,-210.0,-78.0,130.0,125.0,111.0,71.0,-88.0,-45.0,-129.0,-149.0,104.0,39.0,-275.0,-73.0,9.0,-58.0,-11.0,-441.0,-25.0,115.0,-119.0,257.0,84.0,11.0,-80.0,165.0,167.0,-149.0
2,2014-22,4527,137.0,44.0,-207.0,228.0,168.0,-38.0,-9.0,187.0,442.0,29.0,-45.0,-93.0,536.0,182.0,-92.0,38.0,154.0,200.0,15.0,-6.0,-635.0,662.0,48.0,18.0,-20.0,-838.0,-210.0,-78.0,130.0,125.0,111.0,71.0,-88.0,-45.0,-129.0,-149.0,104.0,39.0,-275.0,-73.0,9.0,-58.0,-11.0,-441.0,-25.0,115.0,-119.0,257.0,84.0,11.0,-80.0,165.0,167.0
2,2014-23,4741,214.0,137.0,44.0,-207.0,228.0,168.0,-38.0,-9.0,187.0,442.0,29.0,-45.0,-93.0,536.0,182.0,-92.0,38.0,154.0,200.0,15.0,-6.0,-635.0,662.0,48.0,18.0,-20.0,-838.0,-210.0,-78.0,130.0,125.0,111.0,71.0,-88.0,-45.0,-129.0,-149.0,104.0,39.0,-275.0,-73.0,9.0,-58.0,-11.0,-441.0,-25.0,115.0,-119.0,257.0,84.0,11.0,-80.0,165.0
2,2014-24,4713,-28.0,214.0,137.0,44.0,-207.0,228.0,168.0,-38.0,-9.0,187.0,442.0,29.0,-45.0,-93.0,536.0,182.0,-92.0,38.0,154.0,200.0,15.0,-6.0,-635.0,662.0,48.0,18.0,-20.0,-838.0,-210.0,-78.0,130.0,125.0,111.0,71.0,-88.0,-45.0,-129.0,-149.0,104.0,39.0,-275.0,-73.0,9.0,-58.0,-11.0,-441.0,-25.0,115.0,-119.0,257.0,84.0,11.0,-80.0
2,2014-25,4682,-31.0,-28.0,214.0,137.0,44.0,-207.0,228.0,168.0,-38.0,-9.0,187.0,442.0,29.0,-45.0,-93.0,536.0,182.0,-92.0,38.0,154.0,200.0,15.0,-6.0,-635.0,662.0,48.0,18.0,-20.0,-838.0,-210.0,-78.0,130.0,125.0,111.0,71.0,-88.0,-45.0,-129.0,-149.0,104.0,39.0,-275.0,-73.0,9.0,-58.0,-11.0,-441.0,-25.0,115.0,-119.0,257.0,84.0,11.0
2,2014-26,4769,87.0,-31.0,-28.0,214.0,137.0,44.0,-207.0,228.0,168.0,-38.0,-9.0,187.0,442.0,29.0,-45.0,-93.0,536.0,182.0,-92.0,38.0,154.0,200.0,15.0,-6.0,-635.0,662.0,48.0,18.0,-20.0,-838.0,-210.0,-78.0,130.0,125.0,111.0,71.0,-88.0,-45.0,-129.0,-149.0,104.0,39.0,-275.0,-73.0,9.0,-58.0,-11.0,-441.0,-25.0,115.0,-119.0,257.0,84.0
2,2014-27,4943,174.0,87.0,-31.0,-28.0,214.0,137.0,44.0,-207.0,228.0,168.0,-38.0,-9.0,187.0,442.0,29.0,-45.0,-93.0,536.0,182.0,-92.0,38.0,154.0,200.0,15.0,-6.0,-635.0,662.0,48.0,18.0,-20.0,-838.0,-210.0,-78.0,130.0,125.0,111.0,71.0,-88.0,-45.0,-129.0,-149.0,104.0,39.0,-275.0,-73.0,9.0,-58.0,-11.0,-441.0,-25.0,115.0,-119.0,257.0
2,2014-28,4960,17.0,174.0,87.0,-31.0,-28.0,214.0,137.0,44.0,-207.0,228.0,168.0,-38.0,-9.0,187.0,442.0,29.0,-45.0,-93.0,536.0,182.0,-92.0,38.0,154.0,200.0,15.0,-6.0,-635.0,662.0,48.0,18.0,-20.0,-838.0,-210.0,-78.0,130.0,125.0,111.0,71.0,-88.0,-45.0,-129.0,-149.0,104.0,39.0,-275.0,-73.0,9.0,-58.0,-11.0,-441.0,-25.0,115.0,-119.0
2,2014-29,4977,17.0,17.0,174.0,87.0,-31.0,-28.0,214.0,137.0,44.0,-207.0,228.0,168.0,-38.0,-9.0,187.0,442.0,29.0,-45.0,-93.0,536.0,182.0,-92.0,38.0,154.0,200.0,15.0,-6.0,-635.0,662.0,48.0,18.0,-20.0,-838.0,-210.0,-78.0,130.0,125.0,111.0,71.0,-88.0,-45.0,-129.0,-149.0,104.0,39.0,-275.0,-73.0,9.0,-58.0,-11.0,-441.0,-25.0,115.0
2,2014-30,5143,166.0,17.0,17.0,174.0,87.0,-31.0,-28.0,214.0,137.0,44.0,-207.0,228.0,168.0,-38.0,-9.0,187.0,442.0,29.0,-45.0,-93.0,536.0,182.0,-92.0,38.0,154.0,200.0,15.0,-6.0,-635.0,662.0,48.0,18.0,-20.0,-838.0,-210.0,-78.0,130.0,125.0,111.0,71.0,-88.0,-45.0,-129.0,-149.0,104.0,39.0,-275.0,-73.0,9.0,-58.0,-11.0,-441.0,-25.0
2,2014-31,4734,-409.0,166.0,17.0,17.0,174.0,87.0,-31.0,-28.0,214.0,137.0,44.0,-207.0,228.0,168.0,-38.0,-9.0,187.0,442.0,29.0,-45.0,-93.0,536.0,182.0,-92.0,38.0,154.0,200.0,15.0,-6.0,-635.0,662.0,48.0,18.0,-20.0,-838.0,-210.0,-78.0,130.0,125.0,111.0,71.0,-88.0,-45.0,-129.0,-149.0,104.0,39.0,-275.0,-73.0,9.0,-58.0,-11.0,-441.0
2,2014-32,4366,-368.0,-409.0,166.0,17.0,17.0,174.0,87.0,-31.0,-28.0,214.0,137.0,44.0,-207.0,228.0,168.0,-38.0,-9.0,187.0,442.0,29.0,-45.0,-93.0,536.0,182.0,-92.0,38.0,154.0,200.0,15.0,-6.0,-635.0,662.0,48.0,18.0,-20.0,-838.0,-210.0,-78.0,130.0,125.0,111.0,71.0,-88.0,-45.0,-129.0,-149.0,104.0,39.0,-275.0,-73.0,9.0,-58.0,-11.0
2,2014-33,4393,27.0,-368.0,-409.0,166.0,17.0,17.0,174.0,87.0,-31.0,-28.0,214.0,137.0,44.0,-207.0,228.0,168.0,-38.0,-9.0,187.0,442.0,29.0,-45.0,-93.0,536.0,182.0,-92.0,38.0,154.0,200.0,15.0,-6.0,-635.0,662.0,48.0,18.0,-20.0,-838.0,-210.0,-78.0,130.0,125.0,111.0,71.0,-88.0,-45.0,-129.0,-149.0,104.0,39.0,-275.0,-73.0,9.0,-58.0
2,2014-34,4453,60.0,27.0,-368.0,-409.0,166.0,17.0,17.0,174.0,87.0,-31.0,-28.0,214.0,137.0,44.0,-207.0,228.0,168.0,-38.0,-9.0,187.0,442.0,29.0,-45.0,-93.0,536.0,182.0,-92.0,38.0,154.0,200.0,15.0,-6.0,-635.0,662.0,48.0,18.0,-20.0,-838.0,-210.0,-78.0,130.0,125.0,111.0,71.0,-88.0,-45.0,-129.0,-149.0,104.0,39.0,-275.0,-73.0,9.0
2,2014-35,4384,-69.0,60.0,27.0,-368.0,-409.0,166.0,17.0,17.0,174.0,87.0,-31.0,-28.0,214.0,137.0,44.0,-207.0,228.0,168.0,-38.0,-9.0,187.0,442.0,29.0,-45.0,-93.0,536.0,182.0,-92.0,38.0,154.0,200.0,15.0,-6.0,-635.0,662.0,48.0,18.0,-20.0,-838.0,-210.0,-78.0,130.0,125.0,111.0,71.0,-88.0,-45.0,-129.0,-149.0,104.0,39.0,-275.0,-73.0
2,2014-36,4164,-220.0,-69.0,60.0,27.0,-368.0,-409.0,166.0,17.0,17.0,174.0,87.0,-31.0,-28.0,214.0,137.0,44.0,-207.0,228.0,168.0,-38.0,-9.0,187.0,442.0,29.0,-45.0,-93.0,536.0,182.0,-92.0,38.0,154.0,200.0,15.0,-6.0,-635.0,662.0,48.0,18.0,-20.0,-838.0,-210.0,-78.0,130.0,125.0,111.0,71.0,-88.0,-45.0,-129.0,-149.0,104.0,39.0,-275.0
2,2014-37,4042,-122.0,-220.0,-69.0,60.0,27.0,-368.0,-409.0,166.0,17.0,17.0,174.0,87.0,-31.0,-28.0,214.0,137.0,44.0,-207.0,228.0,168.0,-38.0,-9.0,187.0,442.0,29.0,-45.0,-93.0,536.0,182.0,-92.0,38.0,154.0,200.0,15.0,-6.0,-635.0,662.0,48.0,18.0,-20.0,-838.0,-210.0,-78.0,130.0,125.0,111.0,71.0,-88.0,-45.0,-129.0,-149.0,104.0,39.0
2,2014-38,4203,161.0,-122.0,-220.0,-69.0,60.0,27.0,-368.0,-409.0,166.0,17.0,17.0,174.0,87.0,-31.0,-28.0,214.0,137.0,44.0,-207.0,228.0,168.0,-38.0,-9.0,187.0,442.0,29.0,-45.0,-93.0,536.0,182.0,-92.0,38.0,154.0,200.0,15.0,-6.0,-635.0,662.0,48.0,18.0,-20.0,-838.0,-210.0,-78.0,130.0,125.0,111.0,71.0,-88.0,-45.0,-129.0,-149.0,104.0
2,2014-39,4171,-32.0,161.0,-122.0,-220.0,-69.0,60.0,27.0,-368.0,-409.0,166.0,17.0,17.0,174.0,87.0,-31.0,-28.0,214.0,137.0,44.0,-207.0,228.0,168.0,-38.0,-9.0,187.0,442.0,29.0,-45.0,-93.0,536.0,182.0,-92.0,38.0,154.0,200.0,15.0,-6.0,-635.0,662.0,48.0,18.0,-20.0,-838.0,-210.0,-78.0,130.0,125.0,111.0,71.0,-88.0,-45.0,-129.0,-149.0
2,2014-40,3863,-308.0,-32.0,161.0,-122.0,-220.0,-69.0,60.0,27.0,-368.0,-409.0,166.0,17.0,17.0,174.0,87.0,-31.0,-28.0,214.0,137.0,44.0,-207.0,228.0,168.0,-38.0,-9.0,187.0,442.0,29.0,-45.0,-93.0,536.0,182.0,-92.0,38.0,154.0,200.0,15.0,-6.0,-635.0,662.0,48.0,18.0,-20.0,-838.0,-210.0,-78.0,130.0,125.0,111.0,71.0,-88.0,-45.0,-129.0
2,2014-41,3746,-117.0,-308.0,-32.0,161.0,-122.0,-220.0,-69.0,60.0,27.0,-368.0,-409.0,166.0,17.0,17.0,174.0,87.0,-31.0,-28.0,214.0,137.0,44.0,-207.0,228.0,168.0,-38.0,-9.0,187.0,442.0,29.0,-45.0,-93.0,536.0,182.0,-92.0,38.0,154.0,200.0,15.0,-6.0,-635.0,662.0,48.0,18.0,-20.0,-838.0,-210.0,-78.0,130.0,125.0,111.0,71.0,-88.0,-45.0
2,2014-42,3818,72.0,-117.0,-308.0,-32.0,161.0,-122.0,-220.0,-69.0,60.0,27.0,-368.0,-409.0,166.0,17.0,17.0,174.0,87.0,-31.0,-28.0,214.0,137.0,44.0,-207.0,228.0,168.0,-38.0,-9.0,187.0,442.0,29.0,-45.0,-93.0,536.0,182.0,-92.0,38.0,154.0,200.0,15.0,-6.0,-635.0,662.0,48.0,18.0,-20.0,-838.0,-210.0,-78.0,130.0,125.0,111.0,71.0,-88.0
2,2014-43,3944,126.0,72.0,-117.0,-308.0,-32.0,161.0,-122.0,-220.0,-69.0,60.0,27.0,-368.0,-409.0,166.0,17.0,17.0,174.0,87.0,-31.0,-28.0,214.0,137.0,44.0,-207.0,228.0,168.0,-38.0,-9.0,187.0,442.0,29.0,-45.0,-93.0,536.0,182.0,-92.0,38.0,154.0,200.0,15.0,-6.0,-635.0,662.0,48.0,18.0,-20.0,-838.0,-210.0,-78.0,130.0,125.0,111.0,71.0
2,2014-44,3910,-34.0,126.0,72.0,-117.0,-308.0,-32.0,161.0,-122.0,-220.0,-69.0,60.0,27.0,-368.0,-409.0,166.0,17.0,17.0,174.0,87.0,-31.0,-28.0,214.0,137.0,44.0,-207.0,228.0,168.0,-38.0,-9.0,187.0,442.0,29.0,-45.0,-93.0,536.0,182.0,-92.0,38.0,154.0,200.0,15.0,-6.0,-635.0,662.0,48.0,18.0,-20.0,-838.0,-210.0,-78.0,130.0,125.0,111.0
2,2014-45,4118,208.0,-34.0,126.0,72.0,-117.0,-308.0,-32.0,161.0,-122.0,-220.0,-69.0,60.0,27.0,-368.0,-409.0,166.0,17.0,17.0,174.0,87.0,-31.0,-28.0,214.0,137.0,44.0,-207.0,228.0,168.0,-38.0,-9.0,187.0,442.0,29.0,-45.0,-93.0,536.0,182.0,-92.0,38.0,154.0,200.0,15.0,-6.0,-635.0,662.0,48.0,18.0,-20.0,-838.0,-210.0,-78.0,130.0,125.0
2,2014-46,4119,1.0,208.0,-34.0,126.0,72.0,-117.0,-308.0,-32.0,161.0,-122.0,-220.0,-69.0,60.0,27.0,-368.0,-409.0,166.0,17.0,17.0,174.0,87.0,-31.0,-28.0,214.0,137.0,44.0,-207.0,228.0,168.0,-38.0,-9.0,187.0,442.0,29.0,-45.0,-93.0,536.0,182.0,-92.0,38.0,154.0,200.0,15.0,-6.0,-635.0,662.0,48.0,18.0,-20.0,-838.0,-210.0,-78.0,130.0
2,2014-47,3978,-141.0,1.0,208.0,-34.0,126.0,72.0,-117.0,-308.0,-32.0,161.0,-122.0,-220.0,-69.0,60.0,27.0,-368.0,-409.0,166.0,17.0,17.0,174.0,87.0,-31.0,-28.0,214.0,137.0,44.0,-207.0,228.0,168.0,-38.0,-9.0,187.0,442.0,29.0,-45.0,-93.0,536.0,182.0,-92.0,38.0,154.0,200.0,15.0,-6.0,-635.0,662.0,48.0,18.0,-20.0,-838.0,-210.0,-78.0
2,2014-48,4079,101.0,-141.0,1.0,208.0,-34.0,126.0,72.0,-117.0,-308.0,-32.0,161.0,-122.0,-220.0,-69.0,60.0,27.0,-368.0,-409.0,166.0,17.0,17.0,174.0,87.0,-31.0,-28.0,214.0,137.0,44.0,-207.0,228.0,168.0,-38.0,-9.0,187.0,442.0,29.0,-45.0,-93.0,536.0,182.0,-92.0,38.0,154.0,200.0,15.0,-6.0,-635.0,662.0,48.0,18.0,-20.0,-838.0,-210.0
2,2014-49,3019,-1060.0,101.0,-141.0,1.0,208.0,-34.0,126.0,72.0,-117.0,-308.0,-32.0,161.0,-122.0,-220.0,-69.0,60.0,27.0,-368.0,-409.0,166.0,17.0,17.0,174.0,87.0,-31.0,-28.0,214.0,137.0,44.0,-207.0,228.0,168.0,-38.0,-9.0,187.0,442.0,29.0,-45.0,-93.0,536.0,182.0,-92.0,38.0,154.0,200.0,15.0,-6.0,-635.0,662.0,48.0,18.0,-20.0,-838.0
2,2014-50,3021,2.0,-1060.0,101.0,-141.0,1.0,208.0,-34.0,126.0,72.0,-117.0,-308.0,-32.0,161.0,-122.0,-220.0,-69.0,60.0,27.0,-368.0,-409.0,166.0,17.0,17.0,174.0,87.0,-31.0,-28.0,214.0,137.0,44.0,-207.0,228.0,168.0,-38.0,-9.0,187.0,442.0,29.0,-45.0,-93.0,536.0,182.0,-92.0,38.0,154.0,200.0,15.0,-6.0,-635.0,662.0,48.0,18.0,-20.0
2,2014-51,2931,-90.0,2.0,-1060.0,101.0,-141.0,1.0,208.0,-34.0,126.0,72.0,-117.0,-308.0,-32.0,161.0,-122.0,-220.0,-69.0,60.0,27.0,-368.0,-409.0,166.0,17.0,17.0,174.0,87.0,-31.0,-28.0,214.0,137.0,44.0,-207.0,228.0,168.0,-38.0,-9.0,187.0,442.0,29.0,-45.0,-93.0,536.0,182.0,-92.0,38.0,154.0,200.0,15.0,-6.0,-635.0,662.0,48.0,18.0
2,2014-52,2991,60.0,-90.0,2.0,-1060.0,101.0,-141.0,1.0,208.0,-34.0,126.0,72.0,-117.0,-308.0,-32.0,161.0,-122.0,-220.0,-69.0,60.0,27.0,-368.0,-409.0,166.0,17.0,17.0,174.0,87.0,-31.0,-28.0,214.0,137.0,44.0,-207.0,228.0,168.0,-38.0,-9.0,187.0,442.0,29.0,-45.0,-93.0,536.0,182.0,-92.0,38.0,154.0,200.0,15.0,-6.0,-635.0,662.0,48.0
2,2015-01,1772,-1219.0,60.0,-90.0,2.0,-1060.0,101.0,-141.0,1.0,208.0,-34.0,126.0,72.0,-117.0,-308.0,-32.0,161.0,-122.0,-220.0,-69.0,60.0,27.0,-368.0,-409.0,166.0,17.0,17.0,174.0,87.0,-31.0,-28.0,214.0,137.0,44.0,-207.0,228.0,168.0,-38.0,-9.0,187.0,442.0,29.0,-45.0,-93.0,536.0,182.0,-92.0,38.0,154.0,200.0,15.0,-6.0,-635.0,662.0
2,2015-02,2817,1045.0,-1219.0,60.0,-90.0,2.0,-1060.0,101.0,-141.0,1.0,208.0,-34.0,126.0,72.0,-117.0,-308.0,-32.0,161.0,-122.0,-220.0,-69.0,60.0,27.0,-368.0,-409.0,166.0,17.0,17.0,174.0,87.0,-31.0,-28.0,214.0,137.0,44.0,-207.0,228.0,168.0,-38.0,-9.0,187.0,442.0,29.0,-45.0,-93.0,536.0,182.0,-92.0,38.0,154.0,200.0,15.0,-6.0,-635.0
2,2015-03,2773,-44.0,1045.0,-1219.0,60.0,-90.0,2.0,-1060.0,101.0,-141.0,1.0,208.0,-34.0,126.0,72.0,-117.0,-308.0,-32.0,161.0,-122.0,-220.0,-69.0,60.0,27.0,-368.0,-409.0,166.0,17.0,17.0,174.0,87.0,-31.0,-28.0,214.0,137.0,44.0,-207.0,228.0,168.0,-38.0,-9.0,187.0,442.0,29.0,-45.0,-93.0,536.0,182.0,-92.0,38.0,154.0,200.0,15.0,-6.0
2,2015-04,2828,55.0,-44.0,1045.0,-1219.0,60.0,-90.0,2.0,-1060.0,101.0,-141.0,1.0,208.0,-34.0,126.0,72.0,-117.0,-308.0,-32.0,161.0,-122.0,-220.0,-69.0,60.0,27.0,-368.0,-409.0,166.0,17.0,17.0,174.0,87.0,-31.0,-28.0,214.0,137.0,44.0,-207.0,228.0,168.0,-38.0,-9.0,187.0,442.0,29.0,-45.0,-93.0,536.0,182.0,-92.0,38.0,154.0,200.0,15.0
2,2015-05,2862,34.0,55.0,-44.0,1045.0,-1219.0,60.0,-90.0,2.0,-1060.0,101.0,-141.0,1.0,208.0,-34.0,126.0,72.0,-117.0,-308.0,-32.0,161.0,-122.0,-220.0,-69.0,60.0,27.0,-368.0,-409.0,166.0,17.0,17.0,174.0,87.0,-31.0,-28.0,214.0,137.0,44.0,-207.0,228.0,168.0,-38.0,-9.0,187.0,442.0,29.0,-45.0,-93.0,536.0,182.0,-92.0,38.0,154.0,200.0
2,2015-06,3094,232.0,34.0,55.0,-44.0,1045.0,-1219.0,60.0,-90.0,2.0,-1060.0,101.0,-141.0,1.0,208.0,-34.0,126.0,72.0,-117.0,-308.0,-32.0,161.0,-122.0,-220.0,-69.0,60.0,27.0,-368.0,-409.0,166.0,17.0,17.0,174.0,87.0,-31.0,-28.0,214.0,137.0,44.0,-207.0,228.0,168.0,-38.0,-9.0,187.0,442.0,29.0,-45.0,-93.0,536.0,182.0,-92.0,38.0,154.0
2,2015-07,3113,19.0,232.0,34.0,55.0,-44.0,1045.0,-1219.0,60.0,-90.0,2.0,-1060.0,101.0,-141.0,1.0,208.0,-34.0,126.0,72.0,-117.0,-308.0,-32.0,161.0,-122.0,-220.0,-69.0,60.0,27.0,-368.0,-409.0,166.0,17.0,17.0,174.0,87.0,-31.0,-28.0,214.0,137.0,44.0,-207.0,228.0,168.0,-38.0,-9.0,187.0,442.0,29.0,-45.0,-93.0,536.0,182.0,-92.0,38.0
2,2015-08,3065,-48.0,19.0,232.0,34.0,55.0,-44.0,1045.0,-1219.0,60.0,-90.0,2.0,-1060.0,101.0,-141.0,1.0,208.0,-34.0,126.0,72.0,-117.0,-308.0,-32.0,161.0,-122.0,-220.0,-69.0,60.0,27.0,-368.0,-409.0,166.0,17.0,17.0,174.0,87.0,-31.0,-28.0,214.0,137.0,44.0,-207.0,228.0,168.0,-38.0,-9.0,187.0,442.0,29.0,-45.0,-93.0,536.0,182.0,-92.0
2,2015-09,3175,110.0,-48.0,19.0,232.0,34.0,55.0,-44.0,1045.0,-1219.0,60.0,-90.0,2.0,-1060.0,101.0,-141.0,1.0,208.0,-34.0,126.0,72.0,-117.0,-308.0,-32.0,161.0,-122.0,-220.0,-69.0,60.0,27.0,-368.0,-409.0,166.0,17.0,17.0,174.0,87.0,-31.0,-28.0,214.0,137.0,44.0,-207.0,228.0,168.0,-38.0,-9.0,187.0,442.0,29.0,-45.0,-93.0,536.0,182.0
2,2015-10,3749,574.0,110.0,-48.0,19.0,232.0,34.0,55.0,-44.0,1045.0,-1219.0,60.0,-90.0,2.0,-1060.0,101.0,-141.0,1.0,208.0,-34.0,126.0,72.0,-117.0,-308.0,-32.0,161.0,-122.0,-220.0,-69.0,60.0,27.0,-368.0,-409.0,166.0,17.0,17.0,174.0,87.0,-31.0,-28.0,214.0,137.0,44.0,-207.0,228.0,168.0,-38.0,-9.0,187.0,442.0,29.0,-45.0,-93.0,536.0
2,2015-11,3630,-119.0,574.0,110.0,-48.0,19.0,232.0,34.0,55.0,-44.0,1045.0,-1219.0,60.0,-90.0,2.0,-1060.0,101.0,-141.0,1.0,208.0,-34.0,126.0,72.0,-117.0,-308.0,-32.0,161.0,-122.0,-220.0,-69.0,60.0,27.0,-368.0,-409.0,166.0,17.0,17.0,174.0,87.0,-31.0,-28.0,214.0,137.0,44.0,-207.0,228.0,168.0,-38.0,-9.0,187.0,442.0,29.0,-45.0,-93.0
2,2015-12,3734,104.0,-119.0,574.0,110.0,-48.0,19.0,232.0,34.0,55.0,-44.0,1045.0,-1219.0,60.0,-90.0,2.0,-1060.0,101.0,-141.0,1.0,208.0,-34.0,126.0,72.0,-117.0,-308.0,-32.0,161.0,-122.0,-220.0,-69.0,60.0,27.0,-368.0,-409.0,166.0,17.0,17.0,174.0,87.0,-31.0,-28.0,214.0,137.0,44.0,-207.0,228.0,168.0,-38.0,-9.0,187.0,442.0,29.0,-45.0
2,2015-13,3736,2.0,104.0,-119.0,574.0,110.0,-48.0,19.0,232.0,34.0,55.0,-44.0,1045.0,-1219.0,60.0,-90.0,2.0,-1060.0,101.0,-141.0,1.0,208.0,-34.0,126.0,72.0,-117.0,-308.0,-32.0,161.0,-122.0,-220.0,-69.0,60.0,27.0,-368.0,-409.0,166.0,17.0,17.0,174.0,87.0,-31.0,-28.0,214.0,137.0,44.0,-207.0,228.0,168.0,-38.0,-9.0,187.0,442.0,29.0
2,2015-14,4153,417.0,2.0,104.0,-119.0,574.0,110.0,-48.0,19.0,232.0,34.0,55.0,-44.0,1045.0,-1219.0,60.0,-90.0,2.0,-1060.0,101.0,-141.0,1.0,208.0,-34.0,126.0,72.0,-117.0,-308.0,-32.0,161.0,-122.0,-220.0,-69.0,60.0,27.0,-368.0,-409.0,166.0,17.0,17.0,174.0,87.0,-31.0,-28.0,214.0,137.0,44.0,-207.0,228.0,168.0,-38.0,-9.0,187.0,442.0
2,2015-15,4225,72.0,417.0,2.0,104.0,-119.0,574.0,110.0,-48.0,19.0,232.0,34.0,55.0,-44.0,1045.0,-1219.0,60.0,-90.0,2.0,-1060.0,101.0,-141.0,1.0,208.0,-34.0,126.0,72.0,-117.0,-308.0,-32.0,161.0,-122.0,-220.0,-69.0,60.0,27.0,-368.0,-409.0,166.0,17.0,17.0,174.0,87.0,-31.0,-28.0,214.0,137.0,44.0,-207.0,228.0,168.0,-38.0,-9.0,187.0
2,2015-16,4310,85.0,72.0,417.0,2.0,104.0,-119.0,574.0,110.0,-48.0,19.0,232.0,34.0,55.0,-44.0,1045.0,-1219.0,60.0,-90.0,2.0,-1060.0,101.0,-141.0,1.0,208.0,-34.0,126.0,72.0,-117.0,-308.0,-32.0,161.0,-122.0,-220.0,-69.0,60.0,27.0,-368.0,-409.0,166.0,17.0,17.0,174.0,87.0,-31.0,-28.0,214.0,137.0,44.0,-207.0,228.0,168.0,-38.0,-9.0
2,2015-17,4321,11.0,85.0,72.0,417.0,2.0,104.0,-119.0,574.0,110.0,-48.0,19.0,232.0,34.0,55.0,-44.0,1045.0,-1219.0,60.0,-90.0,2.0,-1060.0,101.0,-141.0,1.0,208.0,-34.0,126.0,72.0,-117.0,-308.0,-32.0,161.0,-122.0,-220.0,-69.0,60.0,27.0,-368.0,-409.0,166.0,17.0,17.0,174.0,87.0,-31.0,-28.0,214.0,137.0,44.0,-207.0,228.0,168.0,-38.0
2,2015-18,4446,125.0,11.0,85.0,72.0,417.0,2.0,104.0,-119.0,574.0,110.0,-48.0,19.0,232.0,34.0,55.0,-44.0,1045.0,-1219.0,60.0,-90.0,2.0,-1060.0,101.0,-141.0,1.0,208.0,-34.0,126.0,72.0,-117.0,-308.0,-32.0,161.0,-122.0,-220.0,-69.0,60.0,27.0,-368.0,-409.0,166.0,17.0,17.0,174.0,87.0,-31.0,-28.0,214.0,137.0,44.0,-207.0,228.0,168.0
2,2015-19,4657,211.0,125.0,11.0,85.0,72.0,417.0,2.0,104.0,-119.0,574.0,110.0,-48.0,19.0,232.0,34.0,55.0,-44.0,1045.0,-1219.0,60.0,-90.0,2.0,-1060.0,101.0,-141.0,1.0,208.0,-34.0,126.0,72.0,-117.0,-308.0,-32.0,161.0,-122.0,-220.0,-69.0,60.0,27.0,-368.0,-409.0,166.0,17.0,17.0,174.0,87.0,-31.0,-28.0,214.0,137.0,44.0,-207.0,228.0
2,2015-20,4636,-21.0,211.0,125.0,11.0,85.0,72.0,417.0,2.0,104.0,-119.0,574.0,110.0,-48.0,19.0,232.0,34.0,55.0,-44.0,1045.0,-1219.0,60.0,-90.0,2.0,-1060.0,101.0,-141.0,1.0,208.0,-34.0,126.0,72.0,-117.0,-308.0,-32.0,161.0,-122.0,-220.0,-69.0,60.0,27.0,-368.0,-409.0,166.0,17.0,17.0,174.0,87.0,-31.0,-28.0,214.0,137.0,44.0,-207.0
2,2015-21,4732,96.0,-21.0,211.0,125.0,11.0,85.0,72.0,417.0,2.0,104.0,-119.0,574.0,110.0,-48.0,19.0,232.0,34.0,55.0,-44.0,1045.0,-1219.0,60.0,-90.0,2.0,-1060.0,101.0,-141.0,1.0,208.0,-34.0,126.0,72.0,-117.0,-308.0,-32.0,161.0,-122.0,-220.0,-69.0,60.0,27.0,-368.0,-409.0,166.0,17.0,17.0,174.0,87.0,-31.0,-28.0,214.0,137.0,44.0
2,2015-22,4686,-46.0,96.0,-21.0,211.0,125.0,11.0,85.0,72.0,417.0,2.0,104.0,-119.0,574.0,110.0,-48.0,19.0,232.0,34.0,55.0,-44.0,1045.0,-1219.0,60.0,-90.0,2.0,-1060.0,101.0,-141.0,1.0,208.0,-34.0,126.0,72.0,-117.0,-308.0,-32.0,161.0,-122.0,-220.0,-69.0,60.0,27.0,-368.0,-409.0,166.0,17.0,17.0,174.0,87.0,-31.0,-28.0,214.0,137.0
2,2015-23,5007,321.0,-46.0,96.0,-21.0,211.0,125.0,11.0,85.0,72.0,417.0,2.0,104.0,-119.0,574.0,110.0,-48.0,19.0,232.0,34.0,55.0,-44.0,1045.0,-1219.0,60.0,-90.0,2.0,-1060.0,101.0,-141.0,1.0,208.0,-34.0,126.0,72.0,-117.0,-308.0,-32.0,161.0,-122.0,-220.0,-69.0,60.0,27.0,-368.0,-409.0,166.0,17.0,17.0,174.0,87.0,-31.0,-28.0,214.0
2,2015-24,4903,-104.0,321.0,-46.0,96.0,-21.0,211.0,125.0,11.0,85.0,72.0,417.0,2.0,104.0,-119.0,574.0,110.0,-48.0,19.0,232.0,34.0,55.0,-44.0,1045.0,-1219.0,60.0,-90.0,2.0,-1060.0,101.0,-141.0,1.0,208.0,-34.0,126.0,72.0,-117.0,-308.0,-32.0,161.0,-122.0,-220.0,-69.0,60.0,27.0,-368.0,-409.0,166.0,17.0,17.0,174.0,87.0,-31.0,-28.0
2,2015-25,4881,-22.0,-104.0,321.0,-46.0,96.0,-21.0,211.0,125.0,11.0,85.0,72.0,417.0,2.0,104.0,-119.0,574.0,110.0,-48.0,19.0,232.0,34.0,55.0,-44.0,1045.0,-1219.0,60.0,-90.0,2.0,-1060.0,101.0,-141.0,1.0,208.0,-34.0,126.0,72.0,-117.0,-308.0,-32.0,161.0,-122.0,-220.0,-69.0,60.0,27.0,-368.0,-409.0,166.0,17.0,17.0,174.0,87.0,-31.0
2,2015-26,4857,-24.0,-22.0,-104.0,321.0,-46.0,96.0,-21.0,211.0,125.0,11.0,85.0,72.0,417.0,2.0,104.0,-119.0,574.0,110.0,-48.0,19.0,232.0,34.0,55.0,-44.0,1045.0,-1219.0,60.0,-90.0,2.0,-1060.0,101.0,-141.0,1.0,208.0,-34.0,126.0,72.0,-117.0,-308.0,-32.0,161.0,-122.0,-220.0,-69.0,60.0,27.0,-368.0,-409.0,166.0,17.0,17.0,174.0,87.0
2,2015-27,5230,373.0,-24.0,-22.0,-104.0,321.0,-46.0,96.0,-21.0,211.0,125.0,11.0,85.0,72.0,417.0,2.0,104.0,-119.0,574.0,110.0,-48.0,19.0,232.0,34.0,55.0,-44.0,1045.0,-1219.0,60.0,-90.0,2.0,-1060.0,101.0,-141.0,1.0,208.0,-34.0,126.0,72.0,-117.0,-308.0,-32.0,161.0,-122.0,-220.0,-69.0,60.0,27.0,-368.0,-409.0,166.0,17.0,17.0,174.0
2,2015-28,5124,-106.0,373.0,-24.0,-22.0,-104.0,321.0,-46.0,96.0,-21.0,211.0,125.0,11.0,85.0,72.0,417.0,2.0,104.0,-119.0,574.0,110.0,-48.0,19.0,232.0,34.0,55.0,-44.0,1045.0,-1219.0,60.0,-90.0,2.0,-1060.0,101.0,-141.0,1.0,208.0,-34.0,126.0,72.0,-117.0,-308.0,-32.0,161.0,-122.0,-220.0,-69.0,60.0,27.0,-368.0,-409.0,166.0,17.0,17.0
2,2015-29,5135,11.0,-106.0,373.0,-24.0,-22.0,-104.0,321.0,-46.0,96.0,-21.0,211.0,125.0,11.0,85.0,72.0,417.0,2.0,104.0,-119.0,574.0,110.0,-48.0,19.0,232.0,34.0,55.0,-44.0,1045.0,-1219.0,60.0,-90.0,2.0,-1060.0,101.0,-141.0,1.0,208.0,-34.0,126.0,72.0,-117.0,-308.0,-32.0,161.0,-122.0,-220.0,-69.0,60.0,27.0,-368.0,-409.0,166.0,17.0
2,2015-30,5148,13.0,11.0,-106.0,373.0,-24.0,-22.0,-104.0,321.0,-46.0,96.0,-21.0,211.0,125.0,11.0,85.0,72.0,417.0,2.0,104.0,-119.0,574.0,110.0,-48.0,19.0,232.0,34.0,55.0,-44.0,1045.0,-1219.0,60.0,-90.0,2.0,-1060.0,101.0,-141.0,1.0,208.0,-34.0,126.0,72.0,-117.0,-308.0,-32.0,161.0,-122.0,-220.0,-69.0,60.0,27.0,-368.0,-409.0,166.0
2,2015-31,5046,-102.0,13.0,11.0,-106.0,373.0,-24.0,-22.0,-104.0,321.0,-46.0,96.0,-21.0,211.0,125.0,11.0,85.0,72.0,417.0,2.0,104.0,-119.0,574.0,110.0,-48.0,19.0,232.0,34.0,55.0,-44.0,1045.0,-1219.0,60.0,-90.0,2.0,-1060.0,101.0,-141.0,1.0,208.0,-34.0,126.0,72.0,-117.0,-308.0,-32.0,161.0,-122.0,-220.0,-69.0,60.0,27.0,-368.0,-409.0
2,2015-32,4703,-343.0,-102.0,13.0,11.0,-106.0,373.0,-24.0,-22.0,-104.0,321.0,-46.0,96.0,-21.0,211.0,125.0,11.0,85.0,72.0,417.0,2.0,104.0,-119.0,574.0,110.0,-48.0,19.0,232.0,34.0,55.0,-44.0,1045.0,-1219.0,60.0,-90.0,2.0,-1060.0,101.0,-141.0,1.0,208.0,-34.0,126.0,72.0,-117.0,-308.0,-32.0,161.0,-122.0,-220.0,-69.0,60.0,27.0,-368.0
2,2015-33,4618,-85.0,-343.0,-102.0,13.0,11.0,-106.0,373.0,-24.0,-22.0,-104.0,321.0,-46.0,96.0,-21.0,211.0,125.0,11.0,85.0,72.0,417.0,2.0,104.0,-119.0,574.0,110.0,-48.0,19.0,232.0,34.0,55.0,-44.0,1045.0,-1219.0,60.0,-90.0,2.0,-1060.0,101.0,-141.0,1.0,208.0,-34.0,126.0,72.0,-117.0,-308.0,-32.0,161.0,-122.0,-220.0,-69.0,60.0,27.0
2,2015-34,4749,131.0,-85.0,-343.0,-102.0,13.0,11.0,-106.0,373.0,-24.0,-22.0,-104.0,321.0,-46.0,96.0,-21.0,211.0,125.0,11.0,85.0,72.0,417.0,2.0,104.0,-119.0,574.0,110.0,-48.0,19.0,232.0,34.0,55.0,-44.0,1045.0,-1219.0,60.0,-90.0,2.0,-1060.0,101.0,-141.0,1.0,208.0,-34.0,126.0,72.0,-117.0,-308.0,-32.0,161.0,-122.0,-220.0,-69.0,60.0
2,2015-35,4692,-57.0,131.0,-85.0,-343.0,-102.0,13.0,11.0,-106.0,373.0,-24.0,-22.0,-104.0,321.0,-46.0,96.0,-21.0,211.0,125.0,11.0,85.0,72.0,417.0,2.0,104.0,-119.0,574.0,110.0,-48.0,19.0,232.0,34.0,55.0,-44.0,1045.0,-1219.0,60.0,-90.0,2.0,-1060.0,101.0,-141.0,1.0,208.0,-34.0,126.0,72.0,-117.0,-308.0,-32.0,161.0,-122.0,-220.0,-69.0
2,2015-36,4384,-308.0,-57.0,131.0,-85.0,-343.0,-102.0,13.0,11.0,-106.0,373.0,-24.0,-22.0,-104.0,321.0,-46.0,96.0,-21.0,211.0,125.0,11.0,85.0,72.0,417.0,2.0,104.0,-119.0,574.0,110.0,-48.0,19.0,232.0,34.0,55.0,-44.0,1045.0,-1219.0,60.0,-90.0,2.0,-1060.0,101.0,-141.0,1.0,208.0,-34.0,126.0,72.0,-117.0,-308.0,-32.0,161.0,-122.0,-220.0
2,2015-37,4348,-36.0,-308.0,-57.0,131.0,-85.0,-343.0,-102.0,13.0,11.0,-106.0,373.0,-24.0,-22.0,-104.0,321.0,-46.0,96.0,-21.0,211.0,125.0,11.0,85.0,72.0,417.0,2.0,104.0,-119.0,574.0,110.0,-48.0,19.0,232.0,34.0,55.0,-44.0,1045.0,-1219.0,60.0,-90.0,2.0,-1060.0,101.0,-141.0,1.0,208.0,-34.0,126.0,72.0,-117.0,-308.0,-32.0,161.0,-122.0
2,2015-38,4319,-29.0,-36.0,-308.0,-57.0,131.0,-85.0,-343.0,-102.0,13.0,11.0,-106.0,373.0,-24.0,-22.0,-104.0,321.0,-46.0,96.0,-21.0,211.0,125.0,11.0,85.0,72.0,417.0,2.0,104.0,-119.0,574.0,110.0,-48.0,19.0,232.0,34.0,55.0,-44.0,1045.0,-1219.0,60.0,-90.0,2.0,-1060.0,101.0,-141.0,1.0,208.0,-34.0,126.0,72.0,-117.0,-308.0,-32.0,161.0
2,2015-39,4387,68.0,-29.0,-36.0,-308.0,-57.0,131.0,-85.0,-343.0,-102.0,13.0,11.0,-106.0,373.0,-24.0,-22.0,-104.0,321.0,-46.0,96.0,-21.0,211.0,125.0,11.0,85.0,72.0,417.0,2.0,104.0,-119.0,574.0,110.0,-48.0,19.0,232.0,34.0,55.0,-44.0,1045.0,-1219.0,60.0,-90.0,2.0,-1060.0,101.0,-141.0,1.0,208.0,-34.0,126.0,72.0,-117.0,-308.0,-32.0
2,2015-40,4158,-229.0,68.0,-29.0,-36.0,-308.0,-57.0,131.0,-85.0,-343.0,-102.0,13.0,11.0,-106.0,373.0,-24.0,-22.0,-104.0,321.0,-46.0,96.0,-21.0,211.0,125.0,11.0,85.0,72.0,417.0,2.0,104.0,-119.0,574.0,110.0,-48.0,19.0,232.0,34.0,55.0,-44.0,1045.0,-1219.0,60.0,-90.0,2.0,-1060.0,101.0,-141.0,1.0,208.0,-34.0,126.0,72.0,-117.0,-308.0
2,2015-41,3948,-210.0,-229.0,68.0,-29.0,-36.0,-308.0,-57.0,131.0,-85.0,-343.0,-102.0,13.0,11.0,-106.0,373.0,-24.0,-22.0,-104.0,321.0,-46.0,96.0,-21.0,211.0,125.0,11.0,85.0,72.0,417.0,2.0,104.0,-119.0,574.0,110.0,-48.0,19.0,232.0,34.0,55.0,-44.0,1045.0,-1219.0,60.0,-90.0,2.0,-1060.0,101.0,-141.0,1.0,208.0,-34.0,126.0,72.0,-117.0
2,2015-42,4013,65.0,-210.0,-229.0,68.0,-29.0,-36.0,-308.0,-57.0,131.0,-85.0,-343.0,-102.0,13.0,11.0,-106.0,373.0,-24.0,-22.0,-104.0,321.0,-46.0,96.0,-21.0,211.0,125.0,11.0,85.0,72.0,417.0,2.0,104.0,-119.0,574.0,110.0,-48.0,19.0,232.0,34.0,55.0,-44.0,1045.0,-1219.0,60.0,-90.0,2.0,-1060.0,101.0,-141.0,1.0,208.0,-34.0,126.0,72.0
2,2015-43,3991,-22.0,65.0,-210.0,-229.0,68.0,-29.0,-36.0,-308.0,-57.0,131.0,-85.0,-343.0,-102.0,13.0,11.0,-106.0,373.0,-24.0,-22.0,-104.0,321.0,-46.0,96.0,-21.0,211.0,125.0,11.0,85.0,72.0,417.0,2.0,104.0,-119.0,574.0,110.0,-48.0,19.0,232.0,34.0,55.0,-44.0,1045.0,-1219.0,60.0,-90.0,2.0,-1060.0,101.0,-141.0,1.0,208.0,-34.0,126.0
2,2015-44,4092,101.0,-22.0,65.0,-210.0,-229.0,68.0,-29.0,-36.0,-308.0,-57.0,131.0,-85.0,-343.0,-102.0,13.0,11.0,-106.0,373.0,-24.0,-22.0,-104.0,321.0,-46.0,96.0,-21.0,211.0,125.0,11.0,85.0,72.0,417.0,2.0,104.0,-119.0,574.0,110.0,-48.0,19.0,232.0,34.0,55.0,-44.0,1045.0,-1219.0,60.0,-90.0,2.0,-1060.0,101.0,-141.0,1.0,208.0,-34.0
2,2015-45,4318,226.0,101.0,-22.0,65.0,-210.0,-229.0,68.0,-29.0,-36.0,-308.0,-57.0,131.0,-85.0,-343.0,-102.0,13.0,11.0,-106.0,373.0,-24.0,-22.0,-104.0,321.0,-46.0,96.0,-21.0,211.0,125.0,11.0,85.0,72.0,417.0,2.0,104.0,-119.0,574.0,110.0,-48.0,19.0,232.0,34.0,55.0,-44.0,1045.0,-1219.0,60.0,-90.0,2.0,-1060.0,101.0,-141.0,1.0,208.0
2,2015-46,4354,36.0,226.0,101.0,-22.0,65.0,-210.0,-229.0,68.0,-29.0,-36.0,-308.0,-57.0,131.0,-85.0,-343.0,-102.0,13.0,11.0,-106.0,373.0,-24.0,-22.0,-104.0,321.0,-46.0,96.0,-21.0,211.0,125.0,11.0,85.0,72.0,417.0,2.0,104.0,-119.0,574.0,110.0,-48.0,19.0,232.0,34.0,55.0,-44.0,1045.0,-1219.0,60.0,-90.0,2.0,-1060.0,101.0,-141.0,1.0
2,2015-47,4347,-7.0,36.0,226.0,101.0,-22.0,65.0,-210.0,-229.0,68.0,-29.0,-36.0,-308.0,-57.0,131.0,-85.0,-343.0,-102.0,13.0,11.0,-106.0,373.0,-24.0,-22.0,-104.0,321.0,-46.0,96.0,-21.0,211.0,125.0,11.0,85.0,72.0,417.0,2.0,104.0,-119.0,574.0,110.0,-48.0,19.0,232.0,34.0,55.0,-44.0,1045.0,-1219.0,60.0,-90.0,2.0,-1060.0,101.0,-141.0
2,2015-48,4337,-10.0,-7.0,36.0,226.0,101.0,-22.0,65.0,-210.0,-229.0,68.0,-29.0,-36.0,-308.0,-57.0,131.0,-85.0,-343.0,-102.0,13.0,11.0,-106.0,373.0,-24.0,-22.0,-104.0,321.0,-46.0,96.0,-21.0,211.0,125.0,11.0,85.0,72.0,417.0,2.0,104.0,-119.0,574.0,110.0,-48.0,19.0,232.0,34.0,55.0,-44.0,1045.0,-1219.0,60.0,-90.0,2.0,-1060.0,101.0
2,2015-49,3257,-1080.0,-10.0,-7.0,36.0,226.0,101.0,-22.0,65.0,-210.0,-229.0,68.0,-29.0,-36.0,-308.0,-57.0,131.0,-85.0,-343.0,-102.0,13.0,11.0,-106.0,373.0,-24.0,-22.0,-104.0,321.0,-46.0,96.0,-21.0,211.0,125.0,11.0,85.0,72.0,417.0,2.0,104.0,-119.0,574.0,110.0,-48.0,19.0,232.0,34.0,55.0,-44.0,1045.0,-1219.0,60.0,-90.0,2.0,-1060.0
2,2015-50,3105,-152.0,-1080.0,-10.0,-7.0,36.0,226.0,101.0,-22.0,65.0,-210.0,-229.0,68.0,-29.0,-36.0,-308.0,-57.0,131.0,-85.0,-343.0,-102.0,13.0,11.0,-106.0,373.0,-24.0,-22.0,-104.0,321.0,-46.0,96.0,-21.0,211.0,125.0,11.0,85.0,72.0,417.0,2.0,104.0,-119.0,574.0,110.0,-48.0,19.0,232.0,34.0,55.0,-44.0,1045.0,-1219.0,60.0,-90.0,2.0
2,2015-51,3098,-7.0,-152.0,-1080.0,-10.0,-7.0,36.0,226.0,101.0,-22.0,65.0,-210.0,-229.0,68.0,-29.0,-36.0,-308.0,-57.0,131.0,-85.0,-343.0,-102.0,13.0,11.0,-106.0,373.0,-24.0,-22.0,-104.0,321.0,-46.0,96.0,-21.0,211.0,125.0,11.0,85.0,72.0,417.0,2.0,104.0,-119.0,574.0,110.0,-48.0,19.0,232.0,34.0,55.0,-44.0,1045.0,-1219.0,60.0,-90.0
2,2015-52,3093,-5.0,-7.0,-152.0,-1080.0,-10.0,-7.0,36.0,226.0,101.0,-22.0,65.0,-210.0,-229.0,68.0,-29.0,-36.0,-308.0,-57.0,131.0,-85.0,-343.0,-102.0,13.0,11.0,-106.0,373.0,-24.0,-22.0,-104.0,321.0,-46.0,96.0,-21.0,211.0,125.0,11.0,85.0,72.0,417.0,2.0,104.0,-119.0,574.0,110.0,-48.0,19.0,232.0,34.0,55.0,-44.0,1045.0,-1219.0,60.0
2,2015-53,1642,-1451.0,-5.0,-7.0,-152.0,-1080.0,-10.0,-7.0,36.0,226.0,101.0,-22.0,65.0,-210.0,-229.0,68.0,-29.0,-36.0,-308.0,-57.0,131.0,-85.0,-343.0,-102.0,13.0,11.0,-106.0,373.0,-24.0,-22.0,-104.0,321.0,-46.0,96.0,-21.0,211.0,125.0,11.0,85.0,72.0,417.0,2.0,104.0,-119.0,574.0,110.0,-48.0,19.0,232.0,34.0,55.0,-44.0,1045.0,-1219.0
2,2016-01,2975,1333.0,-1451.0,-5.0,-7.0,-152.0,-1080.0,-10.0,-7.0,36.0,226.0,101.0,-22.0,65.0,-210.0,-229.0,68.0,-29.0,-36.0,-308.0,-57.0,131.0,-85.0,-343.0,-102.0,13.0,11.0,-106.0,373.0,-24.0,-22.0,-104.0,321.0,-46.0,96.0,-21.0,211.0,125.0,11.0,85.0,72.0,417.0,2.0,104.0,-119.0,574.0,110.0,-48.0,19.0,232.0,34.0,55.0,-44.0,1045.0
2,2016-02,3117,142.0,1333.0,-1451.0,-5.0,-7.0,-152.0,-1080.0,-10.0,-7.0,36.0,226.0,101.0,-22.0,65.0,-210.0,-229.0,68.0,-29.0,-36.0,-308.0,-57.0,131.0,-85.0,-343.0,-102.0,13.0,11.0,-106.0,373.0,-24.0,-22.0,-104.0,321.0,-46.0,96.0,-21.0,211.0,125.0,11.0,85.0,72.0,417.0,2.0,104.0,-119.0,574.0,110.0,-48.0,19.0,232.0,34.0,55.0,-44.0
2,2016-03,3076,-41.0,142.0,1333.0,-1451.0,-5.0,-7.0,-152.0,-1080.0,-10.0,-7.0,36.0,226.0,101.0,-22.0,65.0,-210.0,-229.0,68.0,-29.0,-36.0,-308.0,-57.0,131.0,-85.0,-343.0,-102.0,13.0,11.0,-106.0,373.0,-24.0,-22.0,-104.0,321.0,-46.0,96.0,-21.0,211.0,125.0,11.0,85.0,72.0,417.0,2.0,104.0,-119.0,574.0,110.0,-48.0,19.0,232.0,34.0,55.0
2,2016-04,2932,-144.0,-41.0,142.0,1333.0,-1451.0,-5.0,-7.0,-152.0,-1080.0,-10.0,-7.0,36.0,226.0,101.0,-22.0,65.0,-210.0,-229.0,68.0,-29.0,-36.0,-308.0,-57.0,131.0,-85.0,-343.0,-102.0,13.0,11.0,-106.0,373.0,-24.0,-22.0,-104.0,321.0,-46.0,96.0,-21.0,211.0,125.0,11.0,85.0,72.0,417.0,2.0,104.0,-119.0,574.0,110.0,-48.0,19.0,232.0,34.0
2,2016-05,3419,487.0,-144.0,-41.0,142.0,1333.0,-1451.0,-5.0,-7.0,-152.0,-1080.0,-10.0,-7.0,36.0,226.0,101.0,-22.0,65.0,-210.0,-229.0,68.0,-29.0,-36.0,-308.0,-57.0,131.0,-85.0,-343.0,-102.0,13.0,11.0,-106.0,373.0,-24.0,-22.0,-104.0,321.0,-46.0,96.0,-21.0,211.0,125.0,11.0,85.0,72.0,417.0,2.0,104.0,-119.0,574.0,110.0,-48.0,19.0,232.0
2,2016-06,3334,-85.0,487.0,-144.0,-41.0,142.0,1333.0,-1451.0,-5.0,-7.0,-152.0,-1080.0,-10.0,-7.0,36.0,226.0,101.0,-22.0,65.0,-210.0,-229.0,68.0,-29.0,-36.0,-308.0,-57.0,131.0,-85.0,-343.0,-102.0,13.0,11.0,-106.0,373.0,-24.0,-22.0,-104.0,321.0,-46.0,96.0,-21.0,211.0,125.0,11.0,85.0,72.0,417.0,2.0,104.0,-119.0,574.0,110.0,-48.0,19.0
2,2016-07,3394,60.0,-85.0,487.0,-144.0,-41.0,142.0,1333.0,-1451.0,-5.0,-7.0,-152.0,-1080.0,-10.0,-7.0,36.0,226.0,101.0,-22.0,65.0,-210.0,-229.0,68.0,-29.0,-36.0,-308.0,-57.0,131.0,-85.0,-343.0,-102.0,13.0,11.0,-106.0,373.0,-24.0,-22.0,-104.0,321.0,-46.0,96.0,-21.0,211.0,125.0,11.0,85.0,72.0,417.0,2.0,104.0,-119.0,574.0,110.0,-48.0
2,2016-08,3369,-25.0,60.0,-85.0,487.0,-144.0,-41.0,142.0,1333.0,-1451.0,-5.0,-7.0,-152.0,-1080.0,-10.0,-7.0,36.0,226.0,101.0,-22.0,65.0,-210.0,-229.0,68.0,-29.0,-36.0,-308.0,-57.0,131.0,-85.0,-343.0,-102.0,13.0,11.0,-106.0,373.0,-24.0,-22.0,-104.0,321.0,-46.0,96.0,-21.0,211.0,125.0,11.0,85.0,72.0,417.0,2.0,104.0,-119.0,574.0,110.0
2,2016-09,3995,626.0,-25.0,60.0,-85.0,487.0,-144.0,-41.0,142.0,1333.0,-1451.0,-5.0,-7.0,-152.0,-1080.0,-10.0,-7.0,36.0,226.0,101.0,-22.0,65.0,-210.0,-229.0,68.0,-29.0,-36.0,-308.0,-57.0,131.0,-85.0,-343.0,-102.0,13.0,11.0,-106.0,373.0,-24.0,-22.0,-104.0,321.0,-46.0,96.0,-21.0,211.0,125.0,11.0,85.0,72.0,417.0,2.0,104.0,-119.0,574.0
2,2016-10,4008,13.0,626.0,-25.0,60.0,-85.0,487.0,-144.0,-41.0,142.0,1333.0,-1451.0,-5.0,-7.0,-152.0,-1080.0,-10.0,-7.0,36.0,226.0,101.0,-22.0,65.0,-210.0,-229.0,68.0,-29.0,-36.0,-308.0,-57.0,131.0,-85.0,-343.0,-102.0,13.0,11.0,-106.0,373.0,-24.0,-22.0,-104.0,321.0,-46.0,96.0,-21.0,211.0,125.0,11.0,85.0,72.0,417.0,2.0,104.0,-119.0
2,2016-11,4145,137.0,13.0,626.0,-25.0,60.0,-85.0,487.0,-144.0,-41.0,142.0,1333.0,-1451.0,-5.0,-7.0,-152.0,-1080.0,-10.0,-7.0,36.0,226.0,101.0,-22.0,65.0,-210.0,-229.0,68.0,-29.0,-36.0,-308.0,-57.0,131.0,-85.0,-343.0,-102.0,13.0,11.0,-106.0,373.0,-24.0,-22.0,-104.0,321.0,-46.0,96.0,-21.0,211.0,125.0,11.0,85.0,72.0,417.0,2.0,104.0
2,2016-12,4033,-112.0,137.0,13.0,626.0,-25.0,60.0,-85.0,487.0,-144.0,-41.0,142.0,1333.0,-1451.0,-5.0,-7.0,-152.0,-1080.0,-10.0,-7.0,36.0,226.0,101.0,-22.0,65.0,-210.0,-229.0,68.0,-29.0,-36.0,-308.0,-57.0,131.0,-85.0,-343.0,-102.0,13.0,11.0,-106.0,373.0,-24.0,-22.0,-104.0,321.0,-46.0,96.0,-21.0,211.0,125.0,11.0,85.0,72.0,417.0,2.0
2,2016-13,4265,232.0,-112.0,137.0,13.0,626.0,-25.0,60.0,-85.0,487.0,-144.0,-41.0,142.0,1333.0,-1451.0,-5.0,-7.0,-152.0,-1080.0,-10.0,-7.0,36.0,226.0,101.0,-22.0,65.0,-210.0,-229.0,68.0,-29.0,-36.0,-308.0,-57.0,131.0,-85.0,-343.0,-102.0,13.0,11.0,-106.0,373.0,-24.0,-22.0,-104.0,321.0,-46.0,96.0,-21.0,211.0,125.0,11.0,85.0,72.0,417.0
2,2016-14,4632,367.0,232.0,-112.0,137.0,13.0,626.0,-25.0,60.0,-85.0,487.0,-144.0,-41.0,142.0,1333.0,-1451.0,-5.0,-7.0,-152.0,-1080.0,-10.0,-7.0,36.0,226.0,101.0,-22.0,65.0,-210.0,-229.0,68.0,-29.0,-36.0,-308.0,-57.0,131.0,-85.0,-343.0,-102.0,13.0,11.0,-106.0,373.0,-24.0,-22.0,-104.0,321.0,-46.0,96.0,-21.0,211.0,125.0,11.0,85.0,72.0
2,2016-15,4634,2.0,367.0,232.0,-112.0,137.0,13.0,626.0,-25.0,60.0,-85.0,487.0,-144.0,-41.0,142.0,1333.0,-1451.0,-5.0,-7.0,-152.0,-1080.0,-10.0,-7.0,36.0,226.0,101.0,-22.0,65.0,-210.0,-229.0,68.0,-29.0,-36.0,-308.0,-57.0,131.0,-85.0,-343.0,-102.0,13.0,11.0,-106.0,373.0,-24.0,-22.0,-104.0,321.0,-46.0,96.0,-21.0,211.0,125.0,11.0,85.0
2,2016-16,4648,14.0,2.0,367.0,232.0,-112.0,137.0,13.0,626.0,-25.0,60.0,-85.0,487.0,-144.0,-41.0,142.0,1333.0,-1451.0,-5.0,-7.0,-152.0,-1080.0,-10.0,-7.0,36.0,226.0,101.0,-22.0,65.0,-210.0,-229.0,68.0,-29.0,-36.0,-308.0,-57.0,131.0,-85.0,-343.0,-102.0,13.0,11.0,-106.0,373.0,-24.0,-22.0,-104.0,321.0,-46.0,96.0,-21.0,211.0,125.0,11.0
2,2016-17,4781,133.0,14.0,2.0,367.0,232.0,-112.0,137.0,13.0,626.0,-25.0,60.0,-85.0,487.0,-144.0,-41.0,142.0,1333.0,-1451.0,-5.0,-7.0,-152.0,-1080.0,-10.0,-7.0,36.0,226.0,101.0,-22.0,65.0,-210.0,-229.0,68.0,-29.0,-36.0,-308.0,-57.0,131.0,-85.0,-343.0,-102.0,13.0,11.0,-106.0,373.0,-24.0,-22.0,-104.0,321.0,-46.0,96.0,-21.0,211.0,125.0
2,2016-18,5077,296.0,133.0,14.0,2.0,367.0,232.0,-112.0,137.0,13.0,626.0,-25.0,60.0,-85.0,487.0,-144.0,-41.0,142.0,1333.0,-1451.0,-5.0,-7.0,-152.0,-1080.0,-10.0,-7.0,36.0,226.0,101.0,-22.0,65.0,-210.0,-229.0,68.0,-29.0,-36.0,-308.0,-57.0,131.0,-85.0,-343.0,-102.0,13.0,11.0,-106.0,373.0,-24.0,-22.0,-104.0,321.0,-46.0,96.0,-21.0,211.0
2,2016-19,5129,52.0,296.0,133.0,14.0,2.0,367.0,232.0,-112.0,137.0,13.0,626.0,-25.0,60.0,-85.0,487.0,-144.0,-41.0,142.0,1333.0,-1451.0,-5.0,-7.0,-152.0,-1080.0,-10.0,-7.0,36.0,226.0,101.0,-22.0,65.0,-210.0,-229.0,68.0,-29.0,-36.0,-308.0,-57.0,131.0,-85.0,-343.0,-102.0,13.0,11.0,-106.0,373.0,-24.0,-22.0,-104.0,321.0,-46.0,96.0,-21.0
2,2016-20,5108,-21.0,52.0,296.0,133.0,14.0,2.0,367.0,232.0,-112.0,137.0,13.0,626.0,-25.0,60.0,-85.0,487.0,-144.0,-41.0,142.0,1333.0,-1451.0,-5.0,-7.0,-152.0,-1080.0,-10.0,-7.0,36.0,226.0,101.0,-22.0,65.0,-210.0,-229.0,68.0,-29.0,-36.0,-308.0,-57.0,131.0,-85.0,-343.0,-102.0,13.0,11.0,-106.0,373.0,-24.0,-22.0,-104.0,321.0,-46.0,96.0
2,2016-21,5021,-87.0,-21.0,52.0,296.0,133.0,14.0,2.0,367.0,232.0,-112.0,137.0,13.0,626.0,-25.0,60.0,-85.0,487.0,-144.0,-41.0,142.0,1333.0,-1451.0,-5.0,-7.0,-152.0,-1080.0,-10.0,-7.0,36.0,226.0,101.0,-22.0,65.0,-210.0,-229.0,68.0,-29.0,-36.0,-308.0,-57.0,131.0,-85.0,-343.0,-102.0,13.0,11.0,-106.0,373.0,-24.0,-22.0,-104.0,321.0,-46.0
2,2016-22,5309,288.0,-87.0,-21.0,52.0,296.0,133.0,14.0,2.0,367.0,232.0,-112.0,137.0,13.0,626.0,-25.0,60.0,-85.0,487.0,-144.0,-41.0,142.0,1333.0,-1451.0,-5.0,-7.0,-152.0,-1080.0,-10.0,-7.0,36.0,226.0,101.0,-22.0,65.0,-210.0,-229.0,68.0,-29.0,-36.0,-308.0,-57.0,131.0,-85.0,-343.0,-102.0,13.0,11.0,-106.0,373.0,-24.0,-22.0,-104.0,321.0
2,2016-23,5305,-4.0,288.0,-87.0,-21.0,52.0,296.0,133.0,14.0,2.0,367.0,232.0,-112.0,137.0,13.0,626.0,-25.0,60.0,-85.0,487.0,-144.0,-41.0,142.0,1333.0,-1451.0,-5.0,-7.0,-152.0,-1080.0,-10.0,-7.0,36.0,226.0,101.0,-22.0,65.0,-210.0,-229.0,68.0,-29.0,-36.0,-308.0,-57.0,131.0,-85.0,-343.0,-102.0,13.0,11.0,-106.0,373.0,-24.0,-22.0,-104.0
2,2016-24,5301,-4.0,-4.0,288.0,-87.0,-21.0,52.0,296.0,133.0,14.0,2.0,367.0,232.0,-112.0,137.0,13.0,626.0,-25.0,60.0,-85.0,487.0,-144.0,-41.0,142.0,1333.0,-1451.0,-5.0,-7.0,-152.0,-1080.0,-10.0,-7.0,36.0,226.0,101.0,-22.0,65.0,-210.0,-229.0,68.0,-29.0,-36.0,-308.0,-57.0,131.0,-85.0,-343.0,-102.0,13.0,11.0,-106.0,373.0,-24.0,-22.0
2,2016-25,5276,-25.0,-4.0,-4.0,288.0,-87.0,-21.0,52.0,296.0,133.0,14.0,2.0,367.0,232.0,-112.0,137.0,13.0,626.0,-25.0,60.0,-85.0,487.0,-144.0,-41.0,142.0,1333.0,-1451.0,-5.0,-7.0,-152.0,-1080.0,-10.0,-7.0,36.0,226.0,101.0,-22.0,65.0,-210.0,-229.0,68.0,-29.0,-36.0,-308.0,-57.0,131.0,-85.0,-343.0,-102.0,13.0,11.0,-106.0,373.0,-24.0
2,2016-26,5460,184.0,-25.0,-4.0,-4.0,288.0,-87.0,-21.0,52.0,296.0,133.0,14.0,2.0,367.0,232.0,-112.0,137.0,13.0,626.0,-25.0,60.0,-85.0,487.0,-144.0,-41.0,142.0,1333.0,-1451.0,-5.0,-7.0,-152.0,-1080.0,-10.0,-7.0,36.0,226.0,101.0,-22.0,65.0,-210.0,-229.0,68.0,-29.0,-36.0,-308.0,-57.0,131.0,-85.0,-343.0,-102.0,13.0,11.0,-106.0,373.0
2,2016-27,5641,181.0,184.0,-25.0,-4.0,-4.0,288.0,-87.0,-21.0,52.0,296.0,133.0,14.0,2.0,367.0,232.0,-112.0,137.0,13.0,626.0,-25.0,60.0,-85.0,487.0,-144.0,-41.0,142.0,1333.0,-1451.0,-5.0,-7.0,-152.0,-1080.0,-10.0,-7.0,36.0,226.0,101.0,-22.0,65.0,-210.0,-229.0,68.0,-29.0,-36.0,-308.0,-57.0,131.0,-85.0,-343.0,-102.0,13.0,11.0,-106.0
2,2016-28,5617,-24.0,181.0,184.0,-25.0,-4.0,-4.0,288.0,-87.0,-21.0,52.0,296.0,133.0,14.0,2.0,367.0,232.0,-112.0,137.0,13.0,626.0,-25.0,60.0,-85.0,487.0,-144.0,-41.0,142.0,1333.0,-1451.0,-5.0,-7.0,-152.0,-1080.0,-10.0,-7.0,36.0,226.0,101.0,-22.0,65.0,-210.0,-229.0,68.0,-29.0,-36.0,-308.0,-57.0,131.0,-85.0,-343.0,-102.0,13.0,11.0
2,2016-29,5678,61.0,-24.0,181.0,184.0,-25.0,-4.0,-4.0,288.0,-87.0,-21.0,52.0,296.0,133.0,14.0,2.0,367.0,232.0,-112.0,137.0,13.0,626.0,-25.0,60.0,-85.0,487.0,-144.0,-41.0,142.0,1333.0,-1451.0,-5.0,-7.0,-152.0,-1080.0,-10.0,-7.0,36.0,226.0,101.0,-22.0,65.0,-210.0,-229.0,68.0,-29.0,-36.0,-308.0,-57.0,131.0,-85.0,-343.0,-102.0,13.0
2,2016-30,5534,-144.0,61.0,-24.0,181.0,184.0,-25.0,-4.0,-4.0,288.0,-87.0,-21.0,52.0,296.0,133.0,14.0,2.0,367.0,232.0,-112.0,137.0,13.0,626.0,-25.0,60.0,-85.0,487.0,-144.0,-41.0,142.0,1333.0,-1451.0,-5.0,-7.0,-152.0,-1080.0,-10.0,-7.0,36.0,226.0,101.0,-22.0,65.0,-210.0,-229.0,68.0,-29.0,-36.0,-308.0,-57.0,131.0,-85.0,-343.0,-102.0
2,2016-31,5049,-485.0,-144.0,61.0,-24.0,181.0,184.0,-25.0,-4.0,-4.0,288.0,-87.0,-21.0,52.0,296.0,133.0,14.0,2.0,367.0,232.0,-112.0,137.0,13.0,626.0,-25.0,60.0,-85.0,487.0,-144.0,-41.0,142.0,1333.0,-1451.0,-5.0,-7.0,-152.0,-1080.0,-10.0,-7.0,36.0,226.0,101.0,-22.0,65.0,-210.0,-229.0,68.0,-29.0,-36.0,-308.0,-57.0,131.0,-85.0,-343.0
2,2016-32,5048,-1.0,-485.0,-144.0,61.0,-24.0,181.0,184.0,-25.0,-4.0,-4.0,288.0,-87.0,-21.0,52.0,296.0,133.0,14.0,2.0,367.0,232.0,-112.0,137.0,13.0,626.0,-25.0,60.0,-85.0,487.0,-144.0,-41.0,142.0,1333.0,-1451.0,-5.0,-7.0,-152.0,-1080.0,-10.0,-7.0,36.0,226.0,101.0,-22.0,65.0,-210.0,-229.0,68.0,-29.0,-36.0,-308.0,-57.0,131.0,-85.0
2,2016-33,5052,4.0,-1.0,-485.0,-144.0,61.0,-24.0,181.0,184.0,-25.0,-4.0,-4.0,288.0,-87.0,-21.0,52.0,296.0,133.0,14.0,2.0,367.0,232.0,-112.0,137.0,13.0,626.0,-25.0,60.0,-85.0,487.0,-144.0,-41.0,142.0,1333.0,-1451.0,-5.0,-7.0,-152.0,-1080.0,-10.0,-7.0,36.0,226.0,101.0,-22.0,65.0,-210.0,-229.0,68.0,-29.0,-36.0,-308.0,-57.0,131.0
2,2016-34,4982,-70.0,4.0,-1.0,-485.0,-144.0,61.0,-24.0,181.0,184.0,-25.0,-4.0,-4.0,288.0,-87.0,-21.0,52.0,296.0,133.0,14.0,2.0,367.0,232.0,-112.0,137.0,13.0,626.0,-25.0,60.0,-85.0,487.0,-144.0,-41.0,142.0,1333.0,-1451.0,-5.0,-7.0,-152.0,-1080.0,-10.0,-7.0,36.0,226.0,101.0,-22.0,65.0,-210.0,-229.0,68.0,-29.0,-36.0,-308.0,-57.0
2,2016-35,4832,-150.0,-70.0,4.0,-1.0,-485.0,-144.0,61.0,-24.0,181.0,184.0,-25.0,-4.0,-4.0,288.0,-87.0,-21.0,52.0,296.0,133.0,14.0,2.0,367.0,232.0,-112.0,137.0,13.0,626.0,-25.0,60.0,-85.0,487.0,-144.0,-41.0,142.0,1333.0,-1451.0,-5.0,-7.0,-152.0,-1080.0,-10.0,-7.0,36.0,226.0,101.0,-22.0,65.0,-210.0,-229.0,68.0,-29.0,-36.0,-308.0
2,2016-36,4641,-191.0,-150.0,-70.0,4.0,-1.0,-485.0,-144.0,61.0,-24.0,181.0,184.0,-25.0,-4.0,-4.0,288.0,-87.0,-21.0,52.0,296.0,133.0,14.0,2.0,367.0,232.0,-112.0,137.0,13.0,626.0,-25.0,60.0,-85.0,487.0,-144.0,-41.0,142.0,1333.0,-1451.0,-5.0,-7.0,-152.0,-1080.0,-10.0,-7.0,36.0,226.0,101.0,-22.0,65.0,-210.0,-229.0,68.0,-29.0,-36.0
2,2016-37,4641,0.0,-191.0,-150.0,-70.0,4.0,-1.0,-485.0,-144.0,61.0,-24.0,181.0,184.0,-25.0,-4.0,-4.0,288.0,-87.0,-21.0,52.0,296.0,133.0,14.0,2.0,367.0,232.0,-112.0,137.0,13.0,626.0,-25.0,60.0,-85.0,487.0,-144.0,-41.0,142.0,1333.0,-1451.0,-5.0,-7.0,-152.0,-1080.0,-10.0,-7.0,36.0,226.0,101.0,-22.0,65.0,-210.0,-229.0,68.0,-29.0
2,2016-38,4834,193.0,0.0,-191.0,-150.0,-70.0,4.0,-1.0,-485.0,-144.0,61.0,-24.0,181.0,184.0,-25.0,-4.0,-4.0,288.0,-87.0,-21.0,52.0,296.0,133.0,14.0,2.0,367.0,232.0,-112.0,137.0,13.0,626.0,-25.0,60.0,-85.0,487.0,-144.0,-41.0,142.0,1333.0,-1451.0,-5.0,-7.0,-152.0,-1080.0,-10.0,-7.0,36.0,226.0,101.0,-22.0,65.0,-210.0,-229.0,68.0
2,2016-39,4593,-241.0,193.0,0.0,-191.0,-150.0,-70.0,4.0,-1.0,-485.0,-144.0,61.0,-24.0,181.0,184.0,-25.0,-4.0,-4.0,288.0,-87.0,-21.0,52.0,296.0,133.0,14.0,2.0,367.0,232.0,-112.0,137.0,13.0,626.0,-25.0,60.0,-85.0,487.0,-144.0,-41.0,142.0,1333.0,-1451.0,-5.0,-7.0,-152.0,-1080.0,-10.0,-7.0,36.0,226.0,101.0,-22.0,65.0,-210.0,-229.0
2,2016-40,4366,-227.0,-241.0,193.0,0.0,-191.0,-150.0,-70.0,4.0,-1.0,-485.0,-144.0,61.0,-24.0,181.0,184.0,-25.0,-4.0,-4.0,288.0,-87.0,-21.0,52.0,296.0,133.0,14.0,2.0,367.0,232.0,-112.0,137.0,13.0,626.0,-25.0,60.0,-85.0,487.0,-144.0,-41.0,142.0,1333.0,-1451.0,-5.0,-7.0,-152.0,-1080.0,-10.0,-7.0,36.0,226.0,101.0,-22.0,65.0,-210.0
2,2016-41,4413,47.0,-227.0,-241.0,193.0,0.0,-191.0,-150.0,-70.0,4.0,-1.0,-485.0,-144.0,61.0,-24.0,181.0,184.0,-25.0,-4.0,-4.0,288.0,-87.0,-21.0,52.0,296.0,133.0,14.0,2.0,367.0,232.0,-112.0,137.0,13.0,626.0,-25.0,60.0,-85.0,487.0,-144.0,-41.0,142.0,1333.0,-1451.0,-5.0,-7.0,-152.0,-1080.0,-10.0,-7.0,36.0,226.0,101.0,-22.0,65.0
2,2016-42,4368,-45.0,47.0,-227.0,-241.0,193.0,0.0,-191.0,-150.0,-70.0,4.0,-1.0,-485.0,-144.0,61.0,-24.0,181.0,184.0,-25.0,-4.0,-4.0,288.0,-87.0,-21.0,52.0,296.0,133.0,14.0,2.0,367.0,232.0,-112.0,137.0,13.0,626.0,-25.0,60.0,-85.0,487.0,-144.0,-41.0,142.0,1333.0,-1451.0,-5.0,-7.0,-152.0,-1080.0,-10.0,-7.0,36.0,226.0,101.0,-22.0
2,2016-43,4419,51.0,-45.0,47.0,-227.0,-241.0,193.0,0.0,-191.0,-150.0,-70.0,4.0,-1.0,-485.0,-144.0,61.0,-24.0,181.0,184.0,-25.0,-4.0,-4.0,288.0,-87.0,-21.0,52.0,296.0,133.0,14.0,2.0,367.0,232.0,-112.0,137.0,13.0,626.0,-25.0,60.0,-85.0,487.0,-144.0,-41.0,142.0,1333.0,-1451.0,-5.0,-7.0,-152.0,-1080.0,-10.0,-7.0,36.0,226.0,101.0
2,2016-44,4651,232.0,51.0,-45.0,47.0,-227.0,-241.0,193.0,0.0,-191.0,-150.0,-70.0,4.0,-1.0,-485.0,-144.0,61.0,-24.0,181.0,184.0,-25.0,-4.0,-4.0,288.0,-87.0,-21.0,52.0,296.0,133.0,14.0,2.0,367.0,232.0,-112.0,137.0,13.0,626.0,-25.0,60.0,-85.0,487.0,-144.0,-41.0,142.0,1333.0,-1451.0,-5.0,-7.0,-152.0,-1080.0,-10.0,-7.0,36.0,226.0
2,2016-45,4700,49.0,232.0,51.0,-45.0,47.0,-227.0,-241.0,193.0,0.0,-191.0,-150.0,-70.0,4.0,-1.0,-485.0,-144.0,61.0,-24.0,181.0,184.0,-25.0,-4.0,-4.0,288.0,-87.0,-21.0,52.0,296.0,133.0,14.0,2.0,367.0,232.0,-112.0,137.0,13.0,626.0,-25.0,60.0,-85.0,487.0,-144.0,-41.0,142.0,1333.0,-1451.0,-5.0,-7.0,-152.0,-1080.0,-10.0,-7.0,36.0
2,2016-46,4691,-9.0,49.0,232.0,51.0,-45.0,47.0,-227.0,-241.0,193.0,0.0,-191.0,-150.0,-70.0,4.0,-1.0,-485.0,-144.0,61.0,-24.0,181.0,184.0,-25.0,-4.0,-4.0,288.0,-87.0,-21.0,52.0,296.0,133.0,14.0,2.0,367.0,232.0,-112.0,137.0,13.0,626.0,-25.0,60.0,-85.0,487.0,-144.0,-41.0,142.0,1333.0,-1451.0,-5.0,-7.0,-152.0,-1080.0,-10.0,-7.0
2,2016-47,4644,-47.0,-9.0,49.0,232.0,51.0,-45.0,47.0,-227.0,-241.0,193.0,0.0,-191.0,-150.0,-70.0,4.0,-1.0,-485.0,-144.0,61.0,-24.0,181.0,184.0,-25.0,-4.0,-4.0,288.0,-87.0,-21.0,52.0,296.0,133.0,14.0,2.0,367.0,232.0,-112.0,137.0,13.0,626.0,-25.0,60.0,-85.0,487.0,-144.0,-41.0,142.0,1333.0,-1451.0,-5.0,-7.0,-152.0,-1080.0,-10.0
2,2016-48,3902,-742.0,-47.0,-9.0,49.0,232.0,51.0,-45.0,47.0,-227.0,-241.0,193.0,0.0,-191.0,-150.0,-70.0,4.0,-1.0,-485.0,-144.0,61.0,-24.0,181.0,184.0,-25.0,-4.0,-4.0,288.0,-87.0,-21.0,52.0,296.0,133.0,14.0,2.0,367.0,232.0,-112.0,137.0,13.0,626.0,-25.0,60.0,-85.0,487.0,-144.0,-41.0,142.0,1333.0,-1451.0,-5.0,-7.0,-152.0,-1080.0
2,2016-49,3362,-540.0,-742.0,-47.0,-9.0,49.0,232.0,51.0,-45.0,47.0,-227.0,-241.0,193.0,0.0,-191.0,-150.0,-70.0,4.0,-1.0,-485.0,-144.0,61.0,-24.0,181.0,184.0,-25.0,-4.0,-4.0,288.0,-87.0,-21.0,52.0,296.0,133.0,14.0,2.0,367.0,232.0,-112.0,137.0,13.0,626.0,-25.0,60.0,-85.0,487.0,-144.0,-41.0,142.0,1333.0,-1451.0,-5.0,-7.0,-152.0
2,2016-50,3380,18.0,-540.0,-742.0,-47.0,-9.0,49.0,232.0,51.0,-45.0,47.0,-227.0,-241.0,193.0,0.0,-191.0,-150.0,-70.0,4.0,-1.0,-485.0,-144.0,61.0,-24.0,181.0,184.0,-25.0,-4.0,-4.0,288.0,-87.0,-21.0,52.0,296.0,133.0,14.0,2.0,367.0,232.0,-112.0,137.0,13.0,626.0,-25.0,60.0,-85.0,487.0,-144.0,-41.0,142.0,1333.0,-1451.0,-5.0,-7.0
2,2016-51,3406,26.0,18.0,-540.0,-742.0,-47.0,-9.0,49.0,232.0,51.0,-45.0,47.0,-227.0,-241.0,193.0,0.0,-191.0,-150.0,-70.0,4.0,-1.0,-485.0,-144.0,61.0,-24.0,181.0,184.0,-25.0,-4.0,-4.0,288.0,-87.0,-21.0,52.0,296.0,133.0,14.0,2.0,367.0,232.0,-112.0,137.0,13.0,626.0,-25.0,60.0,-85.0,487.0,-144.0,-41.0,142.0,1333.0,-1451.0,-5.0
2,2016-52,2773,-633.0,26.0,18.0,-540.0,-742.0,-47.0,-9.0,49.0,232.0,51.0,-45.0,47.0,-227.0,-241.0,193.0,0.0,-191.0,-150.0,-70.0,4.0,-1.0,-485.0,-144.0,61.0,-24.0,181.0,184.0,-25.0,-4.0,-4.0,288.0,-87.0,-21.0,52.0,296.0,133.0,14.0,2.0,367.0,232.0,-112.0,137.0,13.0,626.0,-25.0,60.0,-85.0,487.0,-144.0,-41.0,142.0,1333.0,-1451.0
2,2016-53,1480,-1293.0,-633.0,26.0,18.0,-540.0,-742.0,-47.0,-9.0,49.0,232.0,51.0,-45.0,47.0,-227.0,-241.0,193.0,0.0,-191.0,-150.0,-70.0,4.0,-1.0,-485.0,-144.0,61.0,-24.0,181.0,184.0,-25.0,-4.0,-4.0,288.0,-87.0,-21.0,52.0,296.0,133.0,14.0,2.0,367.0,232.0,-112.0,137.0,13.0,626.0,-25.0,60.0,-85.0,487.0,-144.0,-41.0,142.0,1333.0
2,2017-01,3029,1549.0,-1293.0,-633.0,26.0,18.0,-540.0,-742.0,-47.0,-9.0,49.0,232.0,51.0,-45.0,47.0,-227.0,-241.0,193.0,0.0,-191.0,-150.0,-70.0,4.0,-1.0,-485.0,-144.0,61.0,-24.0,181.0,184.0,-25.0,-4.0,-4.0,288.0,-87.0,-21.0,52.0,296.0,133.0,14.0,2.0,367.0,232.0,-112.0,137.0,13.0,626.0,-25.0,60.0,-85.0,487.0,-144.0,-41.0,142.0
2,2017-02,3112,83.0,1549.0,-1293.0,-633.0,26.0,18.0,-540.0,-742.0,-47.0,-9.0,49.0,232.0,51.0,-45.0,47.0,-227.0,-241.0,193.0,0.0,-191.0,-150.0,-70.0,4.0,-1.0,-485.0,-144.0,61.0,-24.0,181.0,184.0,-25.0,-4.0,-4.0,288.0,-87.0,-21.0,52.0,296.0,133.0,14.0,2.0,367.0,232.0,-112.0,137.0,13.0,626.0,-25.0,60.0,-85.0,487.0,-144.0,-41.0
2,2017-03,3077,-35.0,83.0,1549.0,-1293.0,-633.0,26.0,18.0,-540.0,-742.0,-47.0,-9.0,49.0,232.0,51.0,-45.0,47.0,-227.0,-241.0,193.0,0.0,-191.0,-150.0,-70.0,4.0,-1.0,-485.0,-144.0,61.0,-24.0,181.0,184.0,-25.0,-4.0,-4.0,288.0,-87.0,-21.0,52.0,296.0,133.0,14.0,2.0,367.0,232.0,-112.0,137.0,13.0,626.0,-25.0,60.0,-85.0,487.0,-144.0
2,2017-04,3017,-60.0,-35.0,83.0,1549.0,-1293.0,-633.0,26.0,18.0,-540.0,-742.0,-47.0,-9.0,49.0,232.0,51.0,-45.0,47.0,-227.0,-241.0,193.0,0.0,-191.0,-150.0,-70.0,4.0,-1.0,-485.0,-144.0,61.0,-24.0,181.0,184.0,-25.0,-4.0,-4.0,288.0,-87.0,-21.0,52.0,296.0,133.0,14.0,2.0,367.0,232.0,-112.0,137.0,13.0,626.0,-25.0,60.0,-85.0,487.0
2,2017-05,3349,332.0,-60.0,-35.0,83.0,1549.0,-1293.0,-633.0,26.0,18.0,-540.0,-742.0,-47.0,-9.0,49.0,232.0,51.0,-45.0,47.0,-227.0,-241.0,193.0,0.0,-191.0,-150.0,-70.0,4.0,-1.0,-485.0,-144.0,61.0,-24.0,181.0,184.0,-25.0,-4.0,-4.0,288.0,-87.0,-21.0,52.0,296.0,133.0,14.0,2.0,367.0,232.0,-112.0,137.0,13.0,626.0,-25.0,60.0,-85.0
2,2017-06,3549,200.0,332.0,-60.0,-35.0,83.0,1549.0,-1293.0,-633.0,26.0,18.0,-540.0,-742.0,-47.0,-9.0,49.0,232.0,51.0,-45.0,47.0,-227.0,-241.0,193.0,0.0,-191.0,-150.0,-70.0,4.0,-1.0,-485.0,-144.0,61.0,-24.0,181.0,184.0,-25.0,-4.0,-4.0,288.0,-87.0,-21.0,52.0,296.0,133.0,14.0,2.0,367.0,232.0,-112.0,137.0,13.0,626.0,-25.0,60.0
2,2017-07,3551,2.0,200.0,332.0,-60.0,-35.0,83.0,1549.0,-1293.0,-633.0,26.0,18.0,-540.0,-742.0,-47.0,-9.0,49.0,232.0,51.0,-45.0,47.0,-227.0,-241.0,193.0,0.0,-191.0,-150.0,-70.0,4.0,-1.0,-485.0,-144.0,61.0,-24.0,181.0,184.0,-25.0,-4.0,-4.0,288.0,-87.0,-21.0,52.0,296.0,133.0,14.0,2.0,367.0,232.0,-112.0,137.0,13.0,626.0,-25.0
2,2017-08,3509,-42.0,2.0,200.0,332.0,-60.0,-35.0,83.0,1549.0,-1293.0,-633.0,26.0,18.0,-540.0,-742.0,-47.0,-9.0,49.0,232.0,51.0,-45.0,47.0,-227.0,-241.0,193.0,0.0,-191.0,-150.0,-70.0,4.0,-1.0,-485.0,-144.0,61.0,-24.0,181.0,184.0,-25.0,-4.0,-4.0,288.0,-87.0,-21.0,52.0,296.0,133.0,14.0,2.0,367.0,232.0,-112.0,137.0,13.0,626.0
2,2017-09,4070,561.0,-42.0,2.0,200.0,332.0,-60.0,-35.0,83.0,1549.0,-1293.0,-633.0,26.0,18.0,-540.0,-742.0,-47.0,-9.0,49.0,232.0,51.0,-45.0,47.0,-227.0,-241.0,193.0,0.0,-191.0,-150.0,-70.0,4.0,-1.0,-485.0,-144.0,61.0,-24.0,181.0,184.0,-25.0,-4.0,-4.0,288.0,-87.0,-21.0,52.0,296.0,133.0,14.0,2.0,367.0,232.0,-112.0,137.0,13.0
2,2017-10,4155,85.0,561.0,-42.0,2.0,200.0,332.0,-60.0,-35.0,83.0,1549.0,-1293.0,-633.0,26.0,18.0,-540.0,-742.0,-47.0,-9.0,49.0,232.0,51.0,-45.0,47.0,-227.0,-241.0,193.0,0.0,-191.0,-150.0,-70.0,4.0,-1.0,-485.0,-144.0,61.0,-24.0,181.0,184.0,-25.0,-4.0,-4.0,288.0,-87.0,-21.0,52.0,296.0,133.0,14.0,2.0,367.0,232.0,-112.0,137.0
2,2017-11,4129,-26.0,85.0,561.0,-42.0,2.0,200.0,332.0,-60.0,-35.0,83.0,1549.0,-1293.0,-633.0,26.0,18.0,-540.0,-742.0,-47.0,-9.0,49.0,232.0,51.0,-45.0,47.0,-227.0,-241.0,193.0,0.0,-191.0,-150.0,-70.0,4.0,-1.0,-485.0,-144.0,61.0,-24.0,181.0,184.0,-25.0,-4.0,-4.0,288.0,-87.0,-21.0,52.0,296.0,133.0,14.0,2.0,367.0,232.0,-112.0
2,2017-12,4078,-51.0,-26.0,85.0,561.0,-42.0,2.0,200.0,332.0,-60.0,-35.0,83.0,1549.0,-1293.0,-633.0,26.0,18.0,-540.0,-742.0,-47.0,-9.0,49.0,232.0,51.0,-45.0,47.0,-227.0,-241.0,193.0,0.0,-191.0,-150.0,-70.0,4.0,-1.0,-485.0,-144.0,61.0,-24.0,181.0,184.0,-25.0,-4.0,-4.0,288.0,-87.0,-21.0,52.0,296.0,133.0,14.0,2.0,367.0,232.0
2,2017-13,4308,230.0,-51.0,-26.0,85.0,561.0,-42.0,2.0,200.0,332.0,-60.0,-35.0,83.0,1549.0,-1293.0,-633.0,26.0,18.0,-540.0,-742.0,-47.0,-9.0,49.0,232.0,51.0,-45.0,47.0,-227.0,-241.0,193.0,0.0,-191.0,-150.0,-70.0,4.0,-1.0,-485.0,-144.0,61.0,-24.0,181.0,184.0,-25.0,-4.0,-4.0,288.0,-87.0,-21.0,52.0,296.0,133.0,14.0,2.0,367.0
2,2017-14,4912,604.0,230.0,-51.0,-26.0,85.0,561.0,-42.0,2.0,200.0,332.0,-60.0,-35.0,83.0,1549.0,-1293.0,-633.0,26.0,18.0,-540.0,-742.0,-47.0,-9.0,49.0,232.0,51.0,-45.0,47.0,-227.0,-241.0,193.0,0.0,-191.0,-150.0,-70.0,4.0,-1.0,-485.0,-144.0,61.0,-24.0,181.0,184.0,-25.0,-4.0,-4.0,288.0,-87.0,-21.0,52.0,296.0,133.0,14.0,2.0
2,2017-15,4905,-7.0,604.0,230.0,-51.0,-26.0,85.0,561.0,-42.0,2.0,200.0,332.0,-60.0,-35.0,83.0,1549.0,-1293.0,-633.0,26.0,18.0,-540.0,-742.0,-47.0,-9.0,49.0,232.0,51.0,-45.0,47.0,-227.0,-241.0,193.0,0.0,-191.0,-150.0,-70.0,4.0,-1.0,-485.0,-144.0,61.0,-24.0,181.0,184.0,-25.0,-4.0,-4.0,288.0,-87.0,-21.0,52.0,296.0,133.0,14.0
2,2017-16,4844,-61.0,-7.0,604.0,230.0,-51.0,-26.0,85.0,561.0,-42.0,2.0,200.0,332.0,-60.0,-35.0,83.0,1549.0,-1293.0,-633.0,26.0,18.0,-540.0,-742.0,-47.0,-9.0,49.0,232.0,51.0,-45.0,47.0,-227.0,-241.0,193.0,0.0,-191.0,-150.0,-70.0,4.0,-1.0,-485.0,-144.0,61.0,-24.0,181.0,184.0,-25.0,-4.0,-4.0,288.0,-87.0,-21.0,52.0,296.0,133.0
2,2017-17,4903,59.0,-61.0,-7.0,604.0,230.0,-51.0,-26.0,85.0,561.0,-42.0,2.0,200.0,332.0,-60.0,-35.0,83.0,1549.0,-1293.0,-633.0,26.0,18.0,-540.0,-742.0,-47.0,-9.0,49.0,232.0,51.0,-45.0,47.0,-227.0,-241.0,193.0,0.0,-191.0,-150.0,-70.0,4.0,-1.0,-485.0,-144.0,61.0,-24.0,181.0,184.0,-25.0,-4.0,-4.0,288.0,-87.0,-21.0,52.0,296.0
2,2017-18,5194,291.0,59.0,-61.0,-7.0,604.0,230.0,-51.0,-26.0,85.0,561.0,-42.0,2.0,200.0,332.0,-60.0,-35.0,83.0,1549.0,-1293.0,-633.0,26.0,18.0,-540.0,-742.0,-47.0,-9.0,49.0,232.0,51.0,-45.0,47.0,-227.0,-241.0,193.0,0.0,-191.0,-150.0,-70.0,4.0,-1.0,-485.0,-144.0,61.0,-24.0,181.0,184.0,-25.0,-4.0,-4.0,288.0,-87.0,-21.0,52.0
2,2017-19,5219,25.0,291.0,59.0,-61.0,-7.0,604.0,230.0,-51.0,-26.0,85.0,561.0,-42.0,2.0,200.0,332.0,-60.0,-35.0,83.0,1549.0,-1293.0,-633.0,26.0,18.0,-540.0,-742.0,-47.0,-9.0,49.0,232.0,51.0,-45.0,47.0,-227.0,-241.0,193.0,0.0,-191.0,-150.0,-70.0,4.0,-1.0,-485.0,-144.0,61.0,-24.0,181.0,184.0,-25.0,-4.0,-4.0,288.0,-87.0,-21.0
2,2017-20,5392,173.0,25.0,291.0,59.0,-61.0,-7.0,604.0,230.0,-51.0,-26.0,85.0,561.0,-42.0,2.0,200.0,332.0,-60.0,-35.0,83.0,1549.0,-1293.0,-633.0,26.0,18.0,-540.0,-742.0,-47.0,-9.0,49.0,232.0,51.0,-45.0,47.0,-227.0,-241.0,193.0,0.0,-191.0,-150.0,-70.0,4.0,-1.0,-485.0,-144.0,61.0,-24.0,181.0,184.0,-25.0,-4.0,-4.0,288.0,-87.0
2,2017-21,5159,-233.0,173.0,25.0,291.0,59.0,-61.0,-7.0,604.0,230.0,-51.0,-26.0,85.0,561.0,-42.0,2.0,200.0,332.0,-60.0,-35.0,83.0,1549.0,-1293.0,-633.0,26.0,18.0,-540.0,-742.0,-47.0,-9.0,49.0,232.0,51.0,-45.0,47.0,-227.0,-241.0,193.0,0.0,-191.0,-150.0,-70.0,4.0,-1.0,-485.0,-144.0,61.0,-24.0,181.0,184.0,-25.0,-4.0,-4.0,288.0
2,2017-22,5545,386.0,-233.0,173.0,25.0,291.0,59.0,-61.0,-7.0,604.0,230.0,-51.0,-26.0,85.0,561.0,-42.0,2.0,200.0,332.0,-60.0,-35.0,83.0,1549.0,-1293.0,-633.0,26.0,18.0,-540.0,-742.0,-47.0,-9.0,49.0,232.0,51.0,-45.0,47.0,-227.0,-241.0,193.0,0.0,-191.0,-150.0,-70.0,4.0,-1.0,-485.0,-144.0,61.0,-24.0,181.0,184.0,-25.0,-4.0,-4.0
2,2017-23,5679,134.0,386.0,-233.0,173.0,25.0,291.0,59.0,-61.0,-7.0,604.0,230.0,-51.0,-26.0,85.0,561.0,-42.0,2.0,200.0,332.0,-60.0,-35.0,83.0,1549.0,-1293.0,-633.0,26.0,18.0,-540.0,-742.0,-47.0,-9.0,49.0,232.0,51.0,-45.0,47.0,-227.0,-241.0,193.0,0.0,-191.0,-150.0,-70.0,4.0,-1.0,-485.0,-144.0,61.0,-24.0,181.0,184.0,-25.0,-4.0
2,2017-24,5680,1.0,134.0,386.0,-233.0,173.0,25.0,291.0,59.0,-61.0,-7.0,604.0,230.0,-51.0,-26.0,85.0,561.0,-42.0,2.0,200.0,332.0,-60.0,-35.0,83.0,1549.0,-1293.0,-633.0,26.0,18.0,-540.0,-742.0,-47.0,-9.0,49.0,232.0,51.0,-45.0,47.0,-227.0,-241.0,193.0,0.0,-191.0,-150.0,-70.0,4.0,-1.0,-485.0,-144.0,61.0,-24.0,181.0,184.0,-25.0
2,2017-25,5419,-261.0,1.0,134.0,386.0,-233.0,173.0,25.0,291.0,59.0,-61.0,-7.0,604.0,230.0,-51.0,-26.0,85.0,561.0,-42.0,2.0,200.0,332.0,-60.0,-35.0,83.0,1549.0,-1293.0,-633.0,26.0,18.0,-540.0,-742.0,-47.0,-9.0,49.0,232.0,51.0,-45.0,47.0,-227.0,-241.0,193.0,0.0,-191.0,-150.0,-70.0,4.0,-1.0,-485.0,-144.0,61.0,-24.0,181.0,184.0
2,2017-26,5694,275.0,-261.0,1.0,134.0,386.0,-233.0,173.0,25.0,291.0,59.0,-61.0,-7.0,604.0,230.0,-51.0,-26.0,85.0,561.0,-42.0,2.0,200.0,332.0,-60.0,-35.0,83.0,1549.0,-1293.0,-633.0,26.0,18.0,-540.0,-742.0,-47.0,-9.0,49.0,232.0,51.0,-45.0,47.0,-227.0,-241.0,193.0,0.0,-191.0,-150.0,-70.0,4.0,-1.0,-485.0,-144.0,61.0,-24.0,181.0
2,2017-27,5866,172.0,275.0,-261.0,1.0,134.0,386.0,-233.0,173.0,25.0,291.0,59.0,-61.0,-7.0,604.0,230.0,-51.0,-26.0,85.0,561.0,-42.0,2.0,200.0,332.0,-60.0,-35.0,83.0,1549.0,-1293.0,-633.0,26.0,18.0,-540.0,-742.0,-47.0,-9.0,49.0,232.0,51.0,-45.0,47.0,-227.0,-241.0,193.0,0.0,-191.0,-150.0,-70.0,4.0,-1.0,-485.0,-144.0,61.0,-24.0
2,2017-28,5897,31.0,172.0,275.0,-261.0,1.0,134.0,386.0,-233.0,173.0,25.0,291.0,59.0,-61.0,-7.0,604.0,230.0,-51.0,-26.0,85.0,561.0,-42.0,2.0,200.0,332.0,-60.0,-35.0,83.0,1549.0,-1293.0,-633.0,26.0,18.0,-540.0,-742.0,-47.0,-9.0,49.0,232.0,51.0,-45.0,47.0,-227.0,-241.0,193.0,0.0,-191.0,-150.0,-70.0,4.0,-1.0,-485.0,-144.0,61.0
2,2017-29,5868,-29.0,31.0,172.0,275.0,-261.0,1.0,134.0,386.0,-233.0,173.0,25.0,291.0,59.0,-61.0,-7.0,604.0,230.0,-51.0,-26.0,85.0,561.0,-42.0,2.0,200.0,332.0,-60.0,-35.0,83.0,1549.0,-1293.0,-633.0,26.0,18.0,-540.0,-742.0,-47.0,-9.0,49.0,232.0,51.0,-45.0,47.0,-227.0,-241.0,193.0,0.0,-191.0,-150.0,-70.0,4.0,-1.0,-485.0,-144.0
2,2017-30,5920,52.0,-29.0,31.0,172.0,275.0,-261.0,1.0,134.0,386.0,-233.0,173.0,25.0,291.0,59.0,-61.0,-7.0,604.0,230.0,-51.0,-26.0,85.0,561.0,-42.0,2.0,200.0,332.0,-60.0,-35.0,83.0,1549.0,-1293.0,-633.0,26.0,18.0,-540.0,-742.0,-47.0,-9.0,49.0,232.0,51.0,-45.0,47.0,-227.0,-241.0,193.0,0.0,-191.0,-150.0,-70.0,4.0,-1.0,-485.0
2,2017-31,5272,-648.0,52.0,-29.0,31.0,172.0,275.0,-261.0,1.0,134.0,386.0,-233.0,173.0,25.0,291.0,59.0,-61.0,-7.0,604.0,230.0,-51.0,-26.0,85.0,561.0,-42.0,2.0,200.0,332.0,-60.0,-35.0,83.0,1549.0,-1293.0,-633.0,26.0,18.0,-540.0,-742.0,-47.0,-9.0,49.0,232.0,51.0,-45.0,47.0,-227.0,-241.0,193.0,0.0,-191.0,-150.0,-70.0,4.0,-1.0
2,2017-32,5181,-91.0,-648.0,52.0,-29.0,31.0,172.0,275.0,-261.0,1.0,134.0,386.0,-233.0,173.0,25.0,291.0,59.0,-61.0,-7.0,604.0,230.0,-51.0,-26.0,85.0,561.0,-42.0,2.0,200.0,332.0,-60.0,-35.0,83.0,1549.0,-1293.0,-633.0,26.0,18.0,-540.0,-742.0,-47.0,-9.0,49.0,232.0,51.0,-45.0,47.0,-227.0,-241.0,193.0,0.0,-191.0,-150.0,-70.0,4.0
2,2017-33,5101,-80.0,-91.0,-648.0,52.0,-29.0,31.0,172.0,275.0,-261.0,1.0,134.0,386.0,-233.0,173.0,25.0,291.0,59.0,-61.0,-7.0,604.0,230.0,-51.0,-26.0,85.0,561.0,-42.0,2.0,200.0,332.0,-60.0,-35.0,83.0,1549.0,-1293.0,-633.0,26.0,18.0,-540.0,-742.0,-47.0,-9.0,49.0,232.0,51.0,-45.0,47.0,-227.0,-241.0,193.0,0.0,-191.0,-150.0,-70.0
2,2017-34,5223,122.0,-80.0,-91.0,-648.0,52.0,-29.0,31.0,172.0,275.0,-261.0,1.0,134.0,386.0,-233.0,173.0,25.0,291.0,59.0,-61.0,-7.0,604.0,230.0,-51.0,-26.0,85.0,561.0,-42.0,2.0,200.0,332.0,-60.0,-35.0,83.0,1549.0,-1293.0,-633.0,26.0,18.0,-540.0,-742.0,-47.0,-9.0,49.0,232.0,51.0,-45.0,47.0,-227.0,-241.0,193.0,0.0,-191.0,-150.0
2,2017-35,5032,-191.0,122.0,-80.0,-91.0,-648.0,52.0,-29.0,31.0,172.0,275.0,-261.0,1.0,134.0,386.0,-233.0,173.0,25.0,291.0,59.0,-61.0,-7.0,604.0,230.0,-51.0,-26.0,85.0,561.0,-42.0,2.0,200.0,332.0,-60.0,-35.0,83.0,1549.0,-1293.0,-633.0,26.0,18.0,-540.0,-742.0,-47.0,-9.0,49.0,232.0,51.0,-45.0,47.0,-227.0,-241.0,193.0,0.0,-191.0
2,2017-36,4868,-164.0,-191.0,122.0,-80.0,-91.0,-648.0,52.0,-29.0,31.0,172.0,275.0,-261.0,1.0,134.0,386.0,-233.0,173.0,25.0,291.0,59.0,-61.0,-7.0,604.0,230.0,-51.0,-26.0,85.0,561.0,-42.0,2.0,200.0,332.0,-60.0,-35.0,83.0,1549.0,-1293.0,-633.0,26.0,18.0,-540.0,-742.0,-47.0,-9.0,49.0,232.0,51.0,-45.0,47.0,-227.0,-241.0,193.0,0.0
2,2017-37,4824,-44.0,-164.0,-191.0,122.0,-80.0,-91.0,-648.0,52.0,-29.0,31.0,172.0,275.0,-261.0,1.0,134.0,386.0,-233.0,173.0,25.0,291.0,59.0,-61.0,-7.0,604.0,230.0,-51.0,-26.0,85.0,561.0,-42.0,2.0,200.0,332.0,-60.0,-35.0,83.0,1549.0,-1293.0,-633.0,26.0,18.0,-540.0,-742.0,-47.0,-9.0,49.0,232.0,51.0,-45.0,47.0,-227.0,-241.0,193.0
2,2017-38,5111,287.0,-44.0,-164.0,-191.0,122.0,-80.0,-91.0,-648.0,52.0,-29.0,31.0,172.0,275.0,-261.0,1.0,134.0,386.0,-233.0,173.0,25.0,291.0,59.0,-61.0,-7.0,604.0,230.0,-51.0,-26.0,85.0,561.0,-42.0,2.0,200.0,332.0,-60.0,-35.0,83.0,1549.0,-1293.0,-633.0,26.0,18.0,-540.0,-742.0,-47.0,-9.0,49.0,232.0,51.0,-45.0,47.0,-227.0,-241.0
2,2017-39,4893,-218.0,287.0,-44.0,-164.0,-191.0,122.0,-80.0,-91.0,-648.0,52.0,-29.0,31.0,172.0,275.0,-261.0,1.0,134.0,386.0,-233.0,173.0,25.0,291.0,59.0,-61.0,-7.0,604.0,230.0,-51.0,-26.0,85.0,561.0,-42.0,2.0,200.0,332.0,-60.0,-35.0,83.0,1549.0,-1293.0,-633.0,26.0,18.0,-540.0,-742.0,-47.0,-9.0,49.0,232.0,51.0,-45.0,47.0,-227.0
2,2017-40,4501,-392.0,-218.0,287.0,-44.0,-164.0,-191.0,122.0,-80.0,-91.0,-648.0,52.0,-29.0,31.0,172.0,275.0,-261.0,1.0,134.0,386.0,-233.0,173.0,25.0,291.0,59.0,-61.0,-7.0,604.0,230.0,-51.0,-26.0,85.0,561.0,-42.0,2.0,200.0,332.0,-60.0,-35.0,83.0,1549.0,-1293.0,-633.0,26.0,18.0,-540.0,-742.0,-47.0,-9.0,49.0,232.0,51.0,-45.0,47.0
2,2017-41,4445,-56.0,-392.0,-218.0,287.0,-44.0,-164.0,-191.0,122.0,-80.0,-91.0,-648.0,52.0,-29.0,31.0,172.0,275.0,-261.0,1.0,134.0,386.0,-233.0,173.0,25.0,291.0,59.0,-61.0,-7.0,604.0,230.0,-51.0,-26.0,85.0,561.0,-42.0,2.0,200.0,332.0,-60.0,-35.0,83.0,1549.0,-1293.0,-633.0,26.0,18.0,-540.0,-742.0,-47.0,-9.0,49.0,232.0,51.0,-45.0
2,2017-42,4470,25.0,-56.0,-392.0,-218.0,287.0,-44.0,-164.0,-191.0,122.0,-80.0,-91.0,-648.0,52.0,-29.0,31.0,172.0,275.0,-261.0,1.0,134.0,386.0,-233.0,173.0,25.0,291.0,59.0,-61.0,-7.0,604.0,230.0,-51.0,-26.0,85.0,561.0,-42.0,2.0,200.0,332.0,-60.0,-35.0,83.0,1549.0,-1293.0,-633.0,26.0,18.0,-540.0,-742.0,-47.0,-9.0,49.0,232.0,51.0
2,2017-43,4428,-42.0,25.0,-56.0,-392.0,-218.0,287.0,-44.0,-164.0,-191.0,122.0,-80.0,-91.0,-648.0,52.0,-29.0,31.0,172.0,275.0,-261.0,1.0,134.0,386.0,-233.0,173.0,25.0,291.0,59.0,-61.0,-7.0,604.0,230.0,-51.0,-26.0,85.0,561.0,-42.0,2.0,200.0,332.0,-60.0,-35.0,83.0,1549.0,-1293.0,-633.0,26.0,18.0,-540.0,-742.0,-47.0,-9.0,49.0,232.0
2,2017-44,4737,309.0,-42.0,25.0,-56.0,-392.0,-218.0,287.0,-44.0,-164.0,-191.0,122.0,-80.0,-91.0,-648.0,52.0,-29.0,31.0,172.0,275.0,-261.0,1.0,134.0,386.0,-233.0,173.0,25.0,291.0,59.0,-61.0,-7.0,604.0,230.0,-51.0,-26.0,85.0,561.0,-42.0,2.0,200.0,332.0,-60.0,-35.0,83.0,1549.0,-1293.0,-633.0,26.0,18.0,-540.0,-742.0,-47.0,-9.0,49.0
2,2017-45,4911,174.0,309.0,-42.0,25.0,-56.0,-392.0,-218.0,287.0,-44.0,-164.0,-191.0,122.0,-80.0,-91.0,-648.0,52.0,-29.0,31.0,172.0,275.0,-261.0,1.0,134.0,386.0,-233.0,173.0,25.0,291.0,59.0,-61.0,-7.0,604.0,230.0,-51.0,-26.0,85.0,561.0,-42.0,2.0,200.0,332.0,-60.0,-35.0,83.0,1549.0,-1293.0,-633.0,26.0,18.0,-540.0,-742.0,-47.0,-9.0
2,2017-46,4826,-85.0,174.0,309.0,-42.0,25.0,-56.0,-392.0,-218.0,287.0,-44.0,-164.0,-191.0,122.0,-80.0,-91.0,-648.0,52.0,-29.0,31.0,172.0,275.0,-261.0,1.0,134.0,386.0,-233.0,173.0,25.0,291.0,59.0,-61.0,-7.0,604.0,230.0,-51.0,-26.0,85.0,561.0,-42.0,2.0,200.0,332.0,-60.0,-35.0,83.0,1549.0,-1293.0,-633.0,26.0,18.0,-540.0,-742.0,-47.0
2,2017-47,4811,-15.0,-85.0,174.0,309.0,-42.0,25.0,-56.0,-392.0,-218.0,287.0,-44.0,-164.0,-191.0,122.0,-80.0,-91.0,-648.0,52.0,-29.0,31.0,172.0,275.0,-261.0,1.0,134.0,386.0,-233.0,173.0,25.0,291.0,59.0,-61.0,-7.0,604.0,230.0,-51.0,-26.0,85.0,561.0,-42.0,2.0,200.0,332.0,-60.0,-35.0,83.0,1549.0,-1293.0,-633.0,26.0,18.0,-540.0,-742.0
2,2017-48,4248,-563.0,-15.0,-85.0,174.0,309.0,-42.0,25.0,-56.0,-392.0,-218.0,287.0,-44.0,-164.0,-191.0,122.0,-80.0,-91.0,-648.0,52.0,-29.0,31.0,172.0,275.0,-261.0,1.0,134.0,386.0,-233.0,173.0,25.0,291.0,59.0,-61.0,-7.0,604.0,230.0,-51.0,-26.0,85.0,561.0,-42.0,2.0,200.0,332.0,-60.0,-35.0,83.0,1549.0,-1293.0,-633.0,26.0,18.0,-540.0
2,2017-49,3494,-754.0,-563.0,-15.0,-85.0,174.0,309.0,-42.0,25.0,-56.0,-392.0,-218.0,287.0,-44.0,-164.0,-191.0,122.0,-80.0,-91.0,-648.0,52.0,-29.0,31.0,172.0,275.0,-261.0,1.0,134.0,386.0,-233.0,173.0,25.0,291.0,59.0,-61.0,-7.0,604.0,230.0,-51.0,-26.0,85.0,561.0,-42.0,2.0,200.0,332.0,-60.0,-35.0,83.0,1549.0,-1293.0,-633.0,26.0,18.0
2,2017-50,3536,42.0,-754.0,-563.0,-15.0,-85.0,174.0,309.0,-42.0,25.0,-56.0,-392.0,-218.0,287.0,-44.0,-164.0,-191.0,122.0,-80.0,-91.0,-648.0,52.0,-29.0,31.0,172.0,275.0,-261.0,1.0,134.0,386.0,-233.0,173.0,25.0,291.0,59.0,-61.0,-7.0,604.0,230.0,-51.0,-26.0,85.0,561.0,-42.0,2.0,200.0,332.0,-60.0,-35.0,83.0,1549.0,-1293.0,-633.0,26.0
2,2017-51,3397,-139.0,42.0,-754.0,-563.0,-15.0,-85.0,174.0,309.0,-42.0,25.0,-56.0,-392.0,-218.0,287.0,-44.0,-164.0,-191.0,122.0,-80.0,-91.0,-648.0,52.0,-29.0,31.0,172.0,275.0,-261.0,1.0,134.0,386.0,-233.0,173.0,25.0,291.0,59.0,-61.0,-7.0,604.0,230.0,-51.0,-26.0,85.0,561.0,-42.0,2.0,200.0,332.0,-60.0,-35.0,83.0,1549.0,-1293.0,-633.0
2,2017-52,4083,686.0,-139.0,42.0,-754.0,-563.0,-15.0,-85.0,174.0,309.0,-42.0,25.0,-56.0,-392.0,-218.0,287.0,-44.0,-164.0,-191.0,122.0,-80.0,-91.0,-648.0,52.0,-29.0,31.0,172.0,275.0,-261.0,1.0,134.0,386.0,-233.0,173.0,25.0,291.0,59.0,-61.0,-7.0,604.0,230.0,-51.0,-26.0,85.0,561.0,-42.0,2.0,200.0,332.0,-60.0,-35.0,83.0,1549.0,-1293.0
