item,date,sales,sales_diff,lag_1,lag_2,lag_3,lag_4,lag_5,lag_6,lag_7,lag_8,lag_9,lag_10,lag_11,lag_12,lag_13,lag_14,lag_15,lag_16,lag_17,lag_18,lag_19,lag_20,lag_21,lag_22,lag_23,lag_24,lag_25,lag_26,lag_27,lag_28,lag_29,lag_30,lag_31,lag_32,lag_33,lag_34,lag_35,lag_36,lag_37,lag_38,lag_39,lag_40,lag_41,lag_42,lag_43,lag_44,lag_45,lag_46,lag_47,lag_48,lag_49,lag_50,lag_51,lag_52
9,2014-02,2324,-449.0,533.0,-103.0,134.0,-58.0,-664.0,-250.0,-2.0,64.0,117.0,-9.0,51.0,41.0,2.0,-209.0,-97.0,136.0,-104.0,-146.0,-78.0,83.0,-32.0,-126.0,-376.0,66.0,-134.0,172.0,168.0,6.0,-70.0,-90.0,331.0,-32.0,96.0,17.0,-24.0,162.0,60.0,0.0,10.0,381.0,50.0,-64.0,-18.0,283.0,200.0,-40.0,76.0,55.0,182.0,-73.0,70.0,-242.0
9,2014-03,2321,-3.0,-449.0,533.0,-103.0,134.0,-58.0,-664.0,-250.0,-2.0,64.0,117.0,-9.0,51.0,41.0,2.0,-209.0,-97.0,136.0,-104.0,-146.0,-78.0,83.0,-32.0,-126.0,-376.0,66.0,-134.0,172.0,168.0,6.0,-70.0,-90.0,331.0,-32.0,96.0,17.0,-24.0,162.0,60.0,0.0,10.0,381.0,50.0,-64.0,-18.0,283.0,200.0,-40.0,76.0,55.0,182.0,-73.0,70.0
9,2014-04,2262,-59.0,-3.0,-449.0,533.0,-103.0,134.0,-58.0,-664.0,-250.0,-2.0,64.0,117.0,-9.0,51.0,41.0,2.0,-209.0,-97.0,136.0,-104.0,-146.0,-78.0,83.0,-32.0,-126.0,-376.0,66.0,-134.0,172.0,168.0,6.0,-70.0,-90.0,331.0,-32.0,96.0,17.0,-24.0,162.0,60.0,0.0,10.0,381.0,50.0,-64.0,-18.0,283.0,200.0,-40.0,76.0,55.0,182.0,-73.0
9,2014-05,2537,275.0,-59.0,-3.0,-449.0,533.0,-103.0,134.0,-58.0,-664.0,-250.0,-2.0,64.0,117.0,-9.0,51.0,41.0,2.0,-209.0,-97.0,136.0,-104.0,-146.0,-78.0,83.0,-32.0,-126.0,-376.0,66.0,-134.0,172.0,168.0,6.0,-70.0,-90.0,331.0,-32.0,96.0,17.0,-24.0,162.0,60.0,0.0,10.0,381.0,50.0,-64.0,-18.0,283.0,200.0,-40.0,76.0,55.0,182.0
9,2014-06,2706,169.0,275.0,-59.0,-3.0,-449.0,533.0,-103.0,134.0,-58.0,-664.0,-250.0,-2.0,64.0,117.0,-9.0,51.0,41.0,2.0,-209.0,-97.0,136.0,-104.0,-146.0,-78.0,83.0,-32.0,-126.0,-376.0,66.0,-134.0,172.0,168.0,6.0,-70.0,-90.0,331.0,-32.0,96.0,17.0,-24.0,162.0,60.0,0.0,10.0,381.0,50.0,-64.0,-18.0,283.0,200.0,-40.0,76.0,55.0
9,2014-07,2620,-86.0,169.0,275.0,-59.0,-3.0,-449.0,533.0,-103.0,134.0,-58.0,-664.0,-250.0,-2.0,64.0,117.0,-9.0,51.0,41.0,2.0,-209.0,-97.0,136.0,-104.0,-146.0,-78.0,83.0,-32.0,-126.0,-376.0,66.0,-134.0,172.0,168.0,6.0,-70.0,-90.0,331.0,-32.0,96.0,17.0,-24.0,162.0,60.0,0.0,10.0,381.0,50.0,-64.0,-18.0,283.0,200.0,-40.0,76.0
9,2014-08,2618,-2.0,-86.0,169.0,275.0,-59.0,-3.0,-449.0,533.0,-103.0,134.0,-58.0,-664.0,-250.0,-2.0,64.0,117.0,-9.0,51.0,41.0,2.0,-209.0,-97.0,136.0,-104.0,-146.0,-78.0,83.0,-32.0,-126.0,-376.0,66.0,-134.0,172.0,168.0,6.0,-70.0,-90.0,331.0,-32.0,96.0,17.0,-24.0,162.0,60.0,0.0,10.0,381.0,50.0,-64.0,-18.0,283.0,200.0,-40.0
9,2014-09,2684,66.0,-2.0,-86.0,169.0,275.0,-59.0,-3.0,-449.0,533.0,-103.0,134.0,-58.0,-664.0,-250.0,-2.0,64.0,117.0,-9.0,51.0,41.0,2.0,-209.0,-97.0,136.0,-104.0,-146.0,-78.0,83.0,-32.0,-126.0,-376.0,66.0,-134.0,172.0,168.0,6.0,-70.0,-90.0,331.0,-32.0,96.0,17.0,-24.0,162.0,60.0,0.0,10.0,381.0,50.0,-64.0,-18.0,283.0,200.0
9,2014-10,3086,402.0,66.0,-2.0,-86.0,169.0,275.0,-59.0,-3.0,-449.0,533.0,-103.0,134.0,-58.0,-664.0,-250.0,-2.0,64.0,117.0,-9.0,51.0,41.0,2.0,-209.0,-97.0,136.0,-104.0,-146.0,-78.0,83.0,-32.0,-126.0,-376.0,66.0,-134.0,172.0,168.0,6.0,-70.0,-90.0,331.0,-32.0,96.0,17.0,-24.0,162.0,60.0,0.0,10.0,381.0,50.0,-64.0,-18.0,283.0
9,2014-11,3063,-23.0,402.0,66.0,-2.0,-86.0,169.0,275.0,-59.0,-3.0,-449.0,533.0,-103.0,134.0,-58.0,-664.0,-250.0,-2.0,64.0,117.0,-9.0,51.0,41.0,2.0,-209.0,-97.0,136.0,-104.0,-146.0,-78.0,83.0,-32.0,-126.0,-376.0,66.0,-134.0,172.0,168.0,6.0,-70.0,-90.0,331.0,-32.0,96.0,17.0,-24.0,162.0,60.0,0.0,10.0,381.0,50.0,-64.0,-18.0
9,2014-12,3215,152.0,-23.0,402.0,66.0,-2.0,-86.0,169.0,275.0,-59.0,-3.0,-449.0,533.0,-103.0,134.0,-58.0,-664.0,-250.0,-2.0,64.0,117.0,-9.0,51.0,41.0,2.0,-209.0,-97.0,136.0,-104.0,-146.0,-78.0,83.0,-32.0,-126.0,-376.0,66.0,-134.0,172.0,168.0,6.0,-70.0,-90.0,331.0,-32.0,96.0,17.0,-24.0,162.0,60.0,0.0,10.0,381.0,50.0,-64.0
9,2014-13,3160,-55.0,152.0,-23.0,402.0,66.0,-2.0,-86.0,169.0,275.0,-59.0,-3.0,-449.0,533.0,-103.0,134.0,-58.0,-664.0,-250.0,-2.0,64.0,117.0,-9.0,51.0,41.0,2.0,-209.0,-97.0,136.0,-104.0,-146.0,-78.0,83.0,-32.0,-126.0,-376.0,66.0,-134.0,172.0,168.0,6.0,-70.0,-90.0,331.0,-32.0,96.0,17.0,-24.0,162.0,60.0,0.0,10.0,381.0,50.0
9,2014-14,3528,368.0,-55.0,152.0,-23.0,402.0,66.0,-2.0,-86.0,169.0,275.0,-59.0,-3.0,-449.0,533.0,-103.0,134.0,-58.0,-664.0,-250.0,-2.0,64.0,117.0,-9.0,51.0,41.0,2.0,-209.0,-97.0,136.0,-104.0,-146.0,-78.0,83.0,-32.0,-126.0,-376.0,66.0,-134.0,172.0,168.0,6.0,-70.0,-90.0,331.0,-32.0,96.0,17.0,-24.0,162.0,60.0,0.0,10.0,381.0
9,2014-15,3658,130.0,368.0,-55.0,152.0,-23.0,402.0,66.0,-2.0,-86.0,169.0,275.0,-59.0,-3.0,-449.0,533.0,-103.0,134.0,-58.0,-664.0,-250.0,-2.0,64.0,117.0,-9.0,51.0,41.0,2.0,-209.0,-97.0,136.0,-104.0,-146.0,-78.0,83.0,-32.0,-126.0,-376.0,66.0,-134.0,172.0,168.0,6.0,-70.0,-90.0,331.0,-32.0,96.0,17.0,-24.0,162.0,60.0,0.0,10.0
9,2014-16,3589,-69.0,130.0,368.0,-55.0,152.0,-23.0,402.0,66.0,-2.0,-86.0,169.0,275.0,-59.0,-3.0,-449.0,533.0,-103.0,134.0,-58.0,-664.0,-250.0,-2.0,64.0,117.0,-9.0,51.0,41.0,2.0,-209.0,-97.0,136.0,-104.0,-146.0,-78.0,83.0,-32.0,-126.0,-376.0,66.0,-134.0,172.0,168.0,6.0,-70.0,-90.0,331.0,-32.0,96.0,17.0,-24.0,162.0,60.0,0.0
9,2014-17,3534,-55.0,-69.0,130.0,368.0,-55.0,152.0,-23.0,402.0,66.0,-2.0,-86.0,169.0,275.0,-59.0,-3.0,-449.0,533.0,-103.0,134.0,-58.0,-664.0,-250.0,-2.0,64.0,117.0,-9.0,51.0,41.0,2.0,-209.0,-97.0,136.0,-104.0,-146.0,-78.0,83.0,-32.0,-126.0,-376.0,66.0,-134.0,172.0,168.0,6.0,-70.0,-90.0,331.0,-32.0,96.0,17.0,-24.0,162.0,60.0
9,2014-18,3876,342.0,-55.0,-69.0,130.0,368.0,-55.0,152.0,-23.0,402.0,66.0,-2.0,-86.0,169.0,275.0,-59.0,-3.0,-449.0,533.0,-103.0,134.0,-58.0,-664.0,-250.0,-2.0,64.0,117.0,-9.0,51.0,41.0,2.0,-209.0,-97.0,136.0,-104.0,-146.0,-78.0,83.0,-32.0,-126.0,-376.0,66.0,-134.0,172.0,168.0,6.0,-70.0,-90.0,331.0,-32.0,96.0,17.0,-24.0,162.0
9,2014-19,3872,-4.0,342.0,-55.0,-69.0,130.0,368.0,-55.0,152.0,-23.0,402.0,66.0,-2.0,-86.0,169.0,275.0,-59.0,-3.0,-449.0,533.0,-103.0,134.0,-58.0,-664.0,-250.0,-2.0,64.0,117.0,-9.0,51.0,41.0,2.0,-209.0,-97.0,136.0,-104.0,-146.0,-78.0,83.0,-32.0,-126.0,-376.0,66.0,-134.0,172.0,168.0,6.0,-70.0,-90.0,331.0,-32.0,96.0,17.0,-24.0
9,2014-20,3947,75.0,-4.0,342.0,-55.0,-69.0,130.0,368.0,-55.0,152.0,-23.0,402.0,66.0,-2.0,-86.0,169.0,275.0,-59.0,-3.0,-449.0,533.0,-103.0,134.0,-58.0,-664.0,-250.0,-2.0,64.0,117.0,-9.0,51.0,41.0,2.0,-209.0,-97.0,136.0,-104.0,-146.0,-78.0,83.0,-32.0,-126.0,-376.0,66.0,-134.0,172.0,168.0,6.0,-70.0,-90.0,331.0,-32.0,96.0,17.0
9,2014-21,3786,-161.0,75.0,-4.0,342.0,-55.0,-69.0,130.0,368.0,-55.0,152.0,-23.0,402.0,66.0,-2.0,-86.0,169.0,275.0,-59.0,-3.0,-449.0,533.0,-103.0,134.0,-58.0,-664.0,-250.0,-2.0,64.0,117.0,-9.0,51.0,41.0,2.0,-209.0,-97.0,136.0,-104.0,-146.0,-78.0,83.0,-32.0,-126.0,-376.0,66.0,-134.0,172.0,168.0,6.0,-70.0,-90.0,331.0,-32.0,96.0
9,2014-22,3867,81.0,-161.0,75.0,-4.0,342.0,-55.0,-69.0,130.0,368.0,-55.0,152.0,-23.0,402.0,66.0,-2.0,-86.0,169.0,275.0,-59.0,-3.0,-449.0,533.0,-103.0,134.0,-58.0,-664.0,-250.0,-2.0,64.0,117.0,-9.0,51.0,41.0,2.0,-209.0,-97.0,136.0,-104.0,-146.0,-78.0,83.0,-32.0,-126.0,-376.0,66.0,-134.0,172.0,168.0,6.0,-70.0,-90.0,331.0,-32.0
9,2014-23,4066,199.0,81.0,-161.0,75.0,-4.0,342.0,-55.0,-69.0,130.0,368.0,-55.0,152.0,-23.0,402.0,66.0,-2.0,-86.0,169.0,275.0,-59.0,-3.0,-449.0,533.0,-103.0,134.0,-58.0,-664.0,-250.0,-2.0,64.0,117.0,-9.0,51.0,41.0,2.0,-209.0,-97.0,136.0,-104.0,-146.0,-78.0,83.0,-32.0,-126.0,-376.0,66.0,-134.0,172.0,168.0,6.0,-70.0,-90.0,331.0
9,2014-24,4202,136.0,199.0,81.0,-161.0,75.0,-4.0,342.0,-55.0,-69.0,130.0,368.0,-55.0,152.0,-23.0,402.0,66.0,-2.0,-86.0,169.0,275.0,-59.0,-3.0,-449.0,533.0,-103.0,134.0,-58.0,-664.0,-250.0,-2.0,64.0,117.0,-9.0,51.0,41.0,2.0,-209.0,-97.0,136.0,-104.0,-146.0,-78.0,83.0,-32.0,-126.0,-376.0,66.0,-134.0,172.0,168.0,6.0,-70.0,-90.0
9,2014-25,4214,12.0,136.0,199.0,81.0,-161.0,75.0,-4.0,342.0,-55.0,-69.0,130.0,368.0,-55.0,152.0,-23.0,402.0,66.0,-2.0,-86.0,169.0,275.0,-59.0,-3.0,-449.0,533.0,-103.0,134.0,-58.0,-664.0,-250.0,-2.0,64.0,117.0,-9.0,51.0,41.0,2.0,-209.0,-97.0,136.0,-104.0,-146.0,-78.0,83.0,-32.0,-126.0,-376.0,66.0,-134.0,172.0,168.0,6.0,-70.0
9,2014-26,4168,-46.0,12.0,136.0,199.0,81.0,-161.0,75.0,-4.0,342.0,-55.0,-69.0,130.0,368.0,-55.0,152.0,-23.0,402.0,66.0,-2.0,-86.0,169.0,275.0,-59.0,-3.0,-449.0,533.0,-103.0,134.0,-58.0,-664.0,-250.0,-2.0,64.0,117.0,-9.0,51.0,41.0,2.0,-209.0,-97.0,136.0,-104.0,-146.0,-78.0,83.0,-32.0,-126.0,-376.0,66.0,-134.0,172.0,168.0,6.0
9,2014-27,4427,259.0,-46.0,12.0,136.0,199.0,81.0,-161.0,75.0,-4.0,342.0,-55.0,-69.0,130.0,368.0,-55.0,152.0,-23.0,402.0,66.0,-2.0,-86.0,169.0,275.0,-59.0,-3.0,-449.0,533.0,-103.0,134.0,-58.0,-664.0,-250.0,-2.0,64.0,117.0,-9.0,51.0,41.0,2.0,-209.0,-97.0,136.0,-104.0,-146.0,-78.0,83.0,-32.0,-126.0,-376.0,66.0,-134.0,172.0,168.0
9,2014-28,4456,29.0,259.0,-46.0,12.0,136.0,199.0,81.0,-161.0,75.0,-4.0,342.0,-55.0,-69.0,130.0,368.0,-55.0,152.0,-23.0,402.0,66.0,-2.0,-86.0,169.0,275.0,-59.0,-3.0,-449.0,533.0,-103.0,134.0,-58.0,-664.0,-250.0,-2.0,64.0,117.0,-9.0,51.0,41.0,2.0,-209.0,-97.0,136.0,-104.0,-146.0,-78.0,83.0,-32.0,-126.0,-376.0,66.0,-134.0,172.0
9,2014-29,4397,-59.0,29.0,259.0,-46.0,12.0,136.0,199.0,81.0,-161.0,75.0,-4.0,342.0,-55.0,-69.0,130.0,368.0,-55.0,152.0,-23.0,402.0,66.0,-2.0,-86.0,169.0,275.0,-59.0,-3.0,-449.0,533.0,-103.0,134.0,-58.0,-664.0,-250.0,-2.0,64.0,117.0,-9.0,51.0,41.0,2.0,-209.0,-97.0,136.0,-104.0,-146.0,-78.0,83.0,-32.0,-126.0,-376.0,66.0,-134.0
9,2014-30,4404,7.0,-59.0,29.0,259.0,-46.0,12.0,136.0,199.0,81.0,-161.0,75.0,-4.0,342.0,-55.0,-69.0,130.0,368.0,-55.0,152.0,-23.0,402.0,66.0,-2.0,-86.0,169.0,275.0,-59.0,-3.0,-449.0,533.0,-103.0,134.0,-58.0,-664.0,-250.0,-2.0,64.0,117.0,-9.0,51.0,41.0,2.0,-209.0,-97.0,136.0,-104.0,-146.0,-78.0,83.0,-32.0,-126.0,-376.0,66.0
9,2014-31,4168,-236.0,7.0,-59.0,29.0,259.0,-46.0,12.0,136.0,199.0,81.0,-161.0,75.0,-4.0,342.0,-55.0,-69.0,130.0,368.0,-55.0,152.0,-23.0,402.0,66.0,-2.0,-86.0,169.0,275.0,-59.0,-3.0,-449.0,533.0,-103.0,134.0,-58.0,-664.0,-250.0,-2.0,64.0,117.0,-9.0,51.0,41.0,2.0,-209.0,-97.0,136.0,-104.0,-146.0,-78.0,83.0,-32.0,-126.0,-376.0
9,2014-32,3924,-244.0,-236.0,7.0,-59.0,29.0,259.0,-46.0,12.0,136.0,199.0,81.0,-161.0,75.0,-4.0,342.0,-55.0,-69.0,130.0,368.0,-55.0,152.0,-23.0,402.0,66.0,-2.0,-86.0,169.0,275.0,-59.0,-3.0,-449.0,533.0,-103.0,134.0,-58.0,-664.0,-250.0,-2.0,64.0,117.0,-9.0,51.0,41.0,2.0,-209.0,-97.0,136.0,-104.0,-146.0,-78.0,83.0,-32.0,-126.0
9,2014-33,3761,-163.0,-244.0,-236.0,7.0,-59.0,29.0,259.0,-46.0,12.0,136.0,199.0,81.0,-161.0,75.0,-4.0,342.0,-55.0,-69.0,130.0,368.0,-55.0,152.0,-23.0,402.0,66.0,-2.0,-86.0,169.0,275.0,-59.0,-3.0,-449.0,533.0,-103.0,134.0,-58.0,-664.0,-250.0,-2.0,64.0,117.0,-9.0,51.0,41.0,2.0,-209.0,-97.0,136.0,-104.0,-146.0,-78.0,83.0,-32.0
9,2014-34,3809,48.0,-163.0,-244.0,-236.0,7.0,-59.0,29.0,259.0,-46.0,12.0,136.0,199.0,81.0,-161.0,75.0,-4.0,342.0,-55.0,-69.0,130.0,368.0,-55.0,152.0,-23.0,402.0,66.0,-2.0,-86.0,169.0,275.0,-59.0,-3.0,-449.0,533.0,-103.0,134.0,-58.0,-664.0,-250.0,-2.0,64.0,117.0,-9.0,51.0,41.0,2.0,-209.0,-97.0,136.0,-104.0,-146.0,-78.0,83.0
9,2014-35,3823,14.0,48.0,-163.0,-244.0,-236.0,7.0,-59.0,29.0,259.0,-46.0,12.0,136.0,199.0,81.0,-161.0,75.0,-4.0,342.0,-55.0,-69.0,130.0,368.0,-55.0,152.0,-23.0,402.0,66.0,-2.0,-86.0,169.0,275.0,-59.0,-3.0,-449.0,533.0,-103.0,134.0,-58.0,-664.0,-250.0,-2.0,64.0,117.0,-9.0,51.0,41.0,2.0,-209.0,-97.0,136.0,-104.0,-146.0,-78.0
9,2014-36,3651,-172.0,14.0,48.0,-163.0,-244.0,-236.0,7.0,-59.0,29.0,259.0,-46.0,12.0,136.0,199.0,81.0,-161.0,75.0,-4.0,342.0,-55.0,-69.0,130.0,368.0,-55.0,152.0,-23.0,402.0,66.0,-2.0,-86.0,169.0,275.0,-59.0,-3.0,-449.0,533.0,-103.0,134.0,-58.0,-664.0,-250.0,-2.0,64.0,117.0,-9.0,51.0,41.0,2.0,-209.0,-97.0,136.0,-104.0,-146.0
9,2014-37,3643,-8.0,-172.0,14.0,48.0,-163.0,-244.0,-236.0,7.0,-59.0,29.0,259.0,-46.0,12.0,136.0,199.0,81.0,-161.0,75.0,-4.0,342.0,-55.0,-69.0,130.0,368.0,-55.0,152.0,-23.0,402.0,66.0,-2.0,-86.0,169.0,275.0,-59.0,-3.0,-449.0,533.0,-103.0,134.0,-58.0,-664.0,-250.0,-2.0,64.0,117.0,-9.0,51.0,41.0,2.0,-209.0,-97.0,136.0,-104.0
9,2014-38,3713,70.0,-8.0,-172.0,14.0,48.0,-163.0,-244.0,-236.0,7.0,-59.0,29.0,259.0,-46.0,12.0,136.0,199.0,81.0,-161.0,75.0,-4.0,342.0,-55.0,-69.0,130.0,368.0,-55.0,152.0,-23.0,402.0,66.0,-2.0,-86.0,169.0,275.0,-59.0,-3.0,-449.0,533.0,-103.0,134.0,-58.0,-664.0,-250.0,-2.0,64.0,117.0,-9.0,51.0,41.0,2.0,-209.0,-97.0,136.0
9,2014-39,3583,-130.0,70.0,-8.0,-172.0,14.0,48.0,-163.0,-244.0,-236.0,7.0,-59.0,29.0,259.0,-46.0,12.0,136.0,199.0,81.0,-161.0,75.0,-4.0,342.0,-55.0,-69.0,130.0,368.0,-55.0,152.0,-23.0,402.0,66.0,-2.0,-86.0,169.0,275.0,-59.0,-3.0,-449.0,533.0,-103.0,134.0,-58.0,-664.0,-250.0,-2.0,64.0,117.0,-9.0,51.0,41.0,2.0,-209.0,-97.0
9,2014-40,3425,-158.0,-130.0,70.0,-8.0,-172.0,14.0,48.0,-163.0,-244.0,-236.0,7.0,-59.0,29.0,259.0,-46.0,12.0,136.0,199.0,81.0,-161.0,75.0,-4.0,342.0,-55.0,-69.0,130.0,368.0,-55.0,152.0,-23.0,402.0,66.0,-2.0,-86.0,169.0,275.0,-59.0,-3.0,-449.0,533.0,-103.0,134.0,-58.0,-664.0,-250.0,-2.0,64.0,117.0,-9.0,51.0,41.0,2.0,-209.0
9,2014-41,3481,56.0,-158.0,-130.0,70.0,-8.0,-172.0,14.0,48.0,-163.0,-244.0,-236.0,7.0,-59.0,29.0,259.0,-46.0,12.0,136.0,199.0,81.0,-161.0,75.0,-4.0,342.0,-55.0,-69.0,130.0,368.0,-55.0,152.0,-23.0,402.0,66.0,-2.0,-86.0,169.0,275.0,-59.0,-3.0,-449.0,533.0,-103.0,134.0,-58.0,-664.0,-250.0,-2.0,64.0,117.0,-9.0,51.0,41.0,2.0
9,2014-42,3381,-100.0,56.0,-158.0,-130.0,70.0,-8.0,-172.0,14.0,48.0,-163.0,-244.0,-236.0,7.0,-59.0,29.0,259.0,-46.0,12.0,136.0,199.0,81.0,-161.0,75.0,-4.0,342.0,-55.0,-69.0,130.0,368.0,-55.0,152.0,-23.0,402.0,66.0,-2.0,-86.0,169.0,275.0,-59.0,-3.0,-449.0,533.0,-103.0,134.0,-58.0,-664.0,-250.0,-2.0,64.0,117.0,-9.0,51.0,41.0
9,2014-43,3340,-41.0,-100.0,56.0,-158.0,-130.0,70.0,-8.0,-172.0,14.0,48.0,-163.0,-244.0,-236.0,7.0,-59.0,29.0,259.0,-46.0,12.0,136.0,199.0,81.0,-161.0,75.0,-4.0,342.0,-55.0,-69.0,130.0,368.0,-55.0,152.0,-23.0,402.0,66.0,-2.0,-86.0,169.0,275.0,-59.0,-3.0,-449.0,533.0,-103.0,134.0,-58.0,-664.0,-250.0,-2.0,64.0,117.0,-9.0,51.0
9,2014-44,3491,151.0,-41.0,-100.0,56.0,-158.0,-130.0,70.0,-8.0,-172.0,14.0,48.0,-163.0,-244.0,-236.0,7.0,-59.0,29.0,259.0,-46.0,12.0,136.0,199.0,81.0,-161.0,75.0,-4.0,342.0,-55.0,-69.0,130.0,368.0,-55.0,152.0,-23.0,402.0,66.0,-2.0,-86.0,169.0,275.0,-59.0,-3.0,-449.0,533.0,-103.0,134.0,-58.0,-664.0,-250.0,-2.0,64.0,117.0,-9.0
9,2014-45,3619,128.0,151.0,-41.0,-100.0,56.0,-158.0,-130.0,70.0,-8.0,-172.0,14.0,48.0,-163.0,-244.0,-236.0,7.0,-59.0,29.0,259.0,-46.0,12.0,136.0,199.0,81.0,-161.0,75.0,-4.0,342.0,-55.0,-69.0,130.0,368.0,-55.0,152.0,-23.0,402.0,66.0,-2.0,-86.0,169.0,275.0,-59.0,-3.0,-449.0,533.0,-103.0,134.0,-58.0,-664.0,-250.0,-2.0,64.0,117.0
9,2014-46,3621,2.0,128.0,151.0,-41.0,-100.0,56.0,-158.0,-130.0,70.0,-8.0,-172.0,14.0,48.0,-163.0,-244.0,-236.0,7.0,-59.0,29.0,259.0,-46.0,12.0,136.0,199.0,81.0,-161.0,75.0,-4.0,342.0,-55.0,-69.0,130.0,368.0,-55.0,152.0,-23.0,402.0,66.0,-2.0,-86.0,169.0,275.0,-59.0,-3.0,-449.0,533.0,-103.0,134.0,-58.0,-664.0,-250.0,-2.0,64.0
9,2014-47,3623,2.0,2.0,128.0,151.0,-41.0,-100.0,56.0,-158.0,-130.0,70.0,-8.0,-172.0,14.0,48.0,-163.0,-244.0,-236.0,7.0,-59.0,29.0,259.0,-46.0,12.0,136.0,199.0,81.0,-161.0,75.0,-4.0,342.0,-55.0,-69.0,130.0,368.0,-55.0,152.0,-23.0,402.0,66.0,-2.0,-86.0,169.0,275.0,-59.0,-3.0,-449.0,533.0,-103.0,134.0,-58.0,-664.0,-250.0,-2.0
9,2014-48,3672,49.0,2.0,2.0,128.0,151.0,-41.0,-100.0,56.0,-158.0,-130.0,70.0,-8.0,-172.0,14.0,48.0,-163.0,-244.0,-236.0,7.0,-59.0,29.0,259.0,-46.0,12.0,136.0,199.0,81.0,-161.0,75.0,-4.0,342.0,-55.0,-69.0,130.0,368.0,-55.0,152.0,-23.0,402.0,66.0,-2.0,-86.0,169.0,275.0,-59.0,-3.0,-449.0,533.0,-103.0,134.0,-58.0,-664.0,-250.0
9,2014-49,2646,-1026.0,49.0,2.0,2.0,128.0,151.0,-41.0,-100.0,56.0,-158.0,-130.0,70.0,-8.0,-172.0,14.0,48.0,-163.0,-244.0,-236.0,7.0,-59.0,29.0,259.0,-46.0,12.0,136.0,199.0,81.0,-161.0,75.0,-4.0,342.0,-55.0,-69.0,130.0,368.0,-55.0,152.0,-23.0,402.0,66.0,-2.0,-86.0,169.0,275.0,-59.0,-3.0,-449.0,533.0,-103.0,134.0,-58.0,-664.0
9,2014-50,2640,-6.0,-1026.0,49.0,2.0,2.0,128.0,151.0,-41.0,-100.0,56.0,-158.0,-130.0,70.0,-8.0,-172.0,14.0,48.0,-163.0,-244.0,-236.0,7.0,-59.0,29.0,259.0,-46.0,12.0,136.0,199.0,81.0,-161.0,75.0,-4.0,342.0,-55.0,-69.0,130.0,368.0,-55.0,152.0,-23.0,402.0,66.0,-2.0,-86.0,169.0,275.0,-59.0,-3.0,-449.0,533.0,-103.0,134.0,-58.0
9,2014-51,2545,-95.0,-6.0,-1026.0,49.0,2.0,2.0,128.0,151.0,-41.0,-100.0,56.0,-158.0,-130.0,70.0,-8.0,-172.0,14.0,48.0,-163.0,-244.0,-236.0,7.0,-59.0,29.0,259.0,-46.0,12.0,136.0,199.0,81.0,-161.0,75.0,-4.0,342.0,-55.0,-69.0,130.0,368.0,-55.0,152.0,-23.0,402.0,66.0,-2.0,-86.0,169.0,275.0,-59.0,-3.0,-449.0,533.0,-103.0,134.0
9,2014-52,2645,100.0,-95.0,-6.0,-1026.0,49.0,2.0,2.0,128.0,151.0,-41.0,-100.0,56.0,-158.0,-130.0,70.0,-8.0,-172.0,14.0,48.0,-163.0,-244.0,-236.0,7.0,-59.0,29.0,259.0,-46.0,12.0,136.0,199.0,81.0,-161.0,75.0,-4.0,342.0,-55.0,-69.0,130.0,368.0,-55.0,152.0,-23.0,402.0,66.0,-2.0,-86.0,169.0,275.0,-59.0,-3.0,-449.0,533.0,-103.0
9,2015-01,1507,-1138.0,100.0,-95.0,-6.0,-1026.0,49.0,2.0,2.0,128.0,151.0,-41.0,-100.0,56.0,-158.0,-130.0,70.0,-8.0,-172.0,14.0,48.0,-163.0,-244.0,-236.0,7.0,-59.0,29.0,259.0,-46.0,12.0,136.0,199.0,81.0,-161.0,75.0,-4.0,342.0,-55.0,-69.0,130.0,368.0,-55.0,152.0,-23.0,402.0,66.0,-2.0,-86.0,169.0,275.0,-59.0,-3.0,-449.0,533.0
9,2015-02,2374,867.0,-1138.0,100.0,-95.0,-6.0,-1026.0,49.0,2.0,2.0,128.0,151.0,-41.0,-100.0,56.0,-158.0,-130.0,70.0,-8.0,-172.0,14.0,48.0,-163.0,-244.0,-236.0,7.0,-59.0,29.0,259.0,-46.0,12.0,136.0,199.0,81.0,-161.0,75.0,-4.0,342.0,-55.0,-69.0,130.0,368.0,-55.0,152.0,-23.0,402.0,66.0,-2.0,-86.0,169.0,275.0,-59.0,-3.0,-449.0
9,2015-03,2475,101.0,867.0,-1138.0,100.0,-95.0,-6.0,-1026.0,49.0,2.0,2.0,128.0,151.0,-41.0,-100.0,56.0,-158.0,-130.0,70.0,-8.0,-172.0,14.0,48.0,-163.0,-244.0,-236.0,7.0,-59.0,29.0,259.0,-46.0,12.0,136.0,199.0,81.0,-161.0,75.0,-4.0,342.0,-55.0,-69.0,130.0,368.0,-55.0,152.0,-23.0,402.0,66.0,-2.0,-86.0,169.0,275.0,-59.0,-3.0
9,2015-04,2394,-81.0,101.0,867.0,-1138.0,100.0,-95.0,-6.0,-1026.0,49.0,2.0,2.0,128.0,151.0,-41.0,-100.0,56.0,-158.0,-130.0,70.0,-8.0,-172.0,14.0,48.0,-163.0,-244.0,-236.0,7.0,-59.0,29.0,259.0,-46.0,12.0,136.0,199.0,81.0,-161.0,75.0,-4.0,342.0,-55.0,-69.0,130.0,368.0,-55.0,152.0,-23.0,402.0,66.0,-2.0,-86.0,169.0,275.0,-59.0
9,2015-05,2581,187.0,-81.0,101.0,867.0,-1138.0,100.0,-95.0,-6.0,-1026.0,49.0,2.0,2.0,128.0,151.0,-41.0,-100.0,56.0,-158.0,-130.0,70.0,-8.0,-172.0,14.0,48.0,-163.0,-244.0,-236.0,7.0,-59.0,29.0,259.0,-46.0,12.0,136.0,199.0,81.0,-161.0,75.0,-4.0,342.0,-55.0,-69.0,130.0,368.0,-55.0,152.0,-23.0,402.0,66.0,-2.0,-86.0,169.0,275.0
9,2015-06,2747,166.0,187.0,-81.0,101.0,867.0,-1138.0,100.0,-95.0,-6.0,-1026.0,49.0,2.0,2.0,128.0,151.0,-41.0,-100.0,56.0,-158.0,-130.0,70.0,-8.0,-172.0,14.0,48.0,-163.0,-244.0,-236.0,7.0,-59.0,29.0,259.0,-46.0,12.0,136.0,199.0,81.0,-161.0,75.0,-4.0,342.0,-55.0,-69.0,130.0,368.0,-55.0,152.0,-23.0,402.0,66.0,-2.0,-86.0,169.0
9,2015-07,2683,-64.0,166.0,187.0,-81.0,101.0,867.0,-1138.0,100.0,-95.0,-6.0,-1026.0,49.0,2.0,2.0,128.0,151.0,-41.0,-100.0,56.0,-158.0,-130.0,70.0,-8.0,-172.0,14.0,48.0,-163.0,-244.0,-236.0,7.0,-59.0,29.0,259.0,-46.0,12.0,136.0,199.0,81.0,-161.0,75.0,-4.0,342.0,-55.0,-69.0,130.0,368.0,-55.0,152.0,-23.0,402.0,66.0,-2.0,-86.0
9,2015-08,2655,-28.0,-64.0,166.0,187.0,-81.0,101.0,867.0,-1138.0,100.0,-95.0,-6.0,-1026.0,49.0,2.0,2.0,128.0,151.0,-41.0,-100.0,56.0,-158.0,-130.0,70.0,-8.0,-172.0,14.0,48.0,-163.0,-244.0,-236.0,7.0,-59.0,29.0,259.0,-46.0,12.0,136.0,199.0,81.0,-161.0,75.0,-4.0,342.0,-55.0,-69.0,130.0,368.0,-55.0,152.0,-23.0,402.0,66.0,-2.0
9,2015-09,2736,81.0,-28.0,-64.0,166.0,187.0,-81.0,101.0,867.0,-1138.0,100.0,-95.0,-6.0,-1026.0,49.0,2.0,2.0,128.0,151.0,-41.0,-100.0,56.0,-158.0,-130.0,70.0,-8.0,-172.0,14.0,48.0,-163.0,-244.0,-236.0,7.0,-59.0,29.0,259.0,-46.0,12.0,136.0,199.0,81.0,-161.0,75.0,-4.0,342.0,-55.0,-69.0,130.0,368.0,-55.0,152.0,-23.0,402.0,66.0
9,2015-10,3244,508.0,81.0,-28.0,-64.0,166.0,187.0,-81.0,101.0,867.0,-1138.0,100.0,-95.0,-6.0,-1026.0,49.0,2.0,2.0,128.0,151.0,-41.0,-100.0,56.0,-158.0,-130.0,70.0,-8.0,-172.0,14.0,48.0,-163.0,-244.0,-236.0,7.0,-59.0,29.0,259.0,-46.0,12.0,136.0,199.0,81.0,-161.0,75.0,-4.0,342.0,-55.0,-69.0,130.0,368.0,-55.0,152.0,-23.0,402.0
9,2015-11,3195,-49.0,508.0,81.0,-28.0,-64.0,166.0,187.0,-81.0,101.0,867.0,-1138.0,100.0,-95.0,-6.0,-1026.0,49.0,2.0,2.0,128.0,151.0,-41.0,-100.0,56.0,-158.0,-130.0,70.0,-8.0,-172.0,14.0,48.0,-163.0,-244.0,-236.0,7.0,-59.0,29.0,259.0,-46.0,12.0,136.0,199.0,81.0,-161.0,75.0,-4.0,342.0,-55.0,-69.0,130.0,368.0,-55.0,152.0,-23.0
9,2015-12,3301,106.0,-49.0,508.0,81.0,-28.0,-64.0,166.0,187.0,-81.0,101.0,867.0,-1138.0,100.0,-95.0,-6.0,-1026.0,49.0,2.0,2.0,128.0,151.0,-41.0,-100.0,56.0,-158.0,-130.0,70.0,-8.0,-172.0,14.0,48.0,-163.0,-244.0,-236.0,7.0,-59.0,29.0,259.0,-46.0,12.0,136.0,199.0,81.0,-161.0,75.0,-4.0,342.0,-55.0,-69.0,130.0,368.0,-55.0,152.0
9,2015-13,3228,-73.0,106.0,-49.0,508.0,81.0,-28.0,-64.0,166.0,187.0,-81.0,101.0,867.0,-1138.0,100.0,-95.0,-6.0,-1026.0,49.0,2.0,2.0,128.0,151.0,-41.0,-100.0,56.0,-158.0,-130.0,70.0,-8.0,-172.0,14.0,48.0,-163.0,-244.0,-236.0,7.0,-59.0,29.0,259.0,-46.0,12.0,136.0,199.0,81.0,-161.0,75.0,-4.0,342.0,-55.0,-69.0,130.0,368.0,-55.0
9,2015-14,3609,381.0,-73.0,106.0,-49.0,508.0,81.0,-28.0,-64.0,166.0,187.0,-81.0,101.0,867.0,-1138.0,100.0,-95.0,-6.0,-1026.0,49.0,2.0,2.0,128.0,151.0,-41.0,-100.0,56.0,-158.0,-130.0,70.0,-8.0,-172.0,14.0,48.0,-163.0,-244.0,-236.0,7.0,-59.0,29.0,259.0,-46.0,12.0,136.0,199.0,81.0,-161.0,75.0,-4.0,342.0,-55.0,-69.0,130.0,368.0
9,2015-15,3793,184.0,381.0,-73.0,106.0,-49.0,508.0,81.0,-28.0,-64.0,166.0,187.0,-81.0,101.0,867.0,-1138.0,100.0,-95.0,-6.0,-1026.0,49.0,2.0,2.0,128.0,151.0,-41.0,-100.0,56.0,-158.0,-130.0,70.0,-8.0,-172.0,14.0,48.0,-163.0,-244.0,-236.0,7.0,-59.0,29.0,259.0,-46.0,12.0,136.0,199.0,81.0,-161.0,75.0,-4.0,342.0,-55.0,-69.0,130.0
9,2015-16,3907,114.0,184.0,381.0,-73.0,106.0,-49.0,508.0,81.0,-28.0,-64.0,166.0,187.0,-81.0,101.0,867.0,-1138.0,100.0,-95.0,-6.0,-1026.0,49.0,2.0,2.0,128.0,151.0,-41.0,-100.0,56.0,-158.0,-130.0,70.0,-8.0,-172.0,14.0,48.0,-163.0,-244.0,-236.0,7.0,-59.0,29.0,259.0,-46.0,12.0,136.0,199.0,81.0,-161.0,75.0,-4.0,342.0,-55.0,-69.0
9,2015-17,3834,-73.0,114.0,184.0,381.0,-73.0,106.0,-49.0,508.0,81.0,-28.0,-64.0,166.0,187.0,-81.0,101.0,867.0,-1138.0,100.0,-95.0,-6.0,-1026.0,49.0,2.0,2.0,128.0,151.0,-41.0,-100.0,56.0,-158.0,-130.0,70.0,-8.0,-172.0,14.0,48.0,-163.0,-244.0,-236.0,7.0,-59.0,29.0,259.0,-46.0,12.0,136.0,199.0,81.0,-161.0,75.0,-4.0,342.0,-55.0
9,2015-18,3924,90.0,-73.0,114.0,184.0,381.0,-73.0,106.0,-49.0,508.0,81.0,-28.0,-64.0,166.0,187.0,-81.0,101.0,867.0,-1138.0,100.0,-95.0,-6.0,-1026.0,49.0,2.0,2.0,128.0,151.0,-41.0,-100.0,56.0,-158.0,-130.0,70.0,-8.0,-172.0,14.0,48.0,-163.0,-244.0,-236.0,7.0,-59.0,29.0,259.0,-46.0,12.0,136.0,199.0,81.0,-161.0,75.0,-4.0,342.0
9,2015-19,4014,90.0,90.0,-73.0,114.0,184.0,381.0,-73.0,106.0,-49.0,508.0,81.0,-28.0,-64.0,166.0,187.0,-81.0,101.0,867.0,-1138.0,100.0,-95.0,-6.0,-1026.0,49.0,2.0,2.0,128.0,151.0,-41.0,-100.0,56.0,-158.0,-130.0,70.0,-8.0,-172.0,14.0,48.0,-163.0,-244.0,-236.0,7.0,-59.0,29.0,259.0,-46.0,12.0,136.0,199.0,81.0,-161.0,75.0,-4.0
9,2015-20,4104,90.0,90.0,90.0,-73.0,114.0,184.0,381.0,-73.0,106.0,-49.0,508.0,81.0,-28.0,-64.0,166.0,187.0,-81.0,101.0,867.0,-1138.0,100.0,-95.0,-6.0,-1026.0,49.0,2.0,2.0,128.0,151.0,-41.0,-100.0,56.0,-158.0,-130.0,70.0,-8.0,-172.0,14.0,48.0,-163.0,-244.0,-236.0,7.0,-59.0,29.0,259.0,-46.0,12.0,136.0,199.0,81.0,-161.0,75.0
9,2015-21,4071,-33.0,90.0,90.0,90.0,-73.0,114.0,184.0,381.0,-73.0,106.0,-49.0,508.0,81.0,-28.0,-64.0,166.0,187.0,-81.0,101.0,867.0,-1138.0,100.0,-95.0,-6.0,-1026.0,49.0,2.0,2.0,128.0,151.0,-41.0,-100.0,56.0,-158.0,-130.0,70.0,-8.0,-172.0,14.0,48.0,-163.0,-244.0,-236.0,7.0,-59.0,29.0,259.0,-46.0,12.0,136.0,199.0,81.0,-161.0
9,2015-22,4105,34.0,-33.0,90.0,90.0,90.0,-73.0,114.0,184.0,381.0,-73.0,106.0,-49.0,508.0,81.0,-28.0,-64.0,166.0,187.0,-81.0,101.0,867.0,-1138.0,100.0,-95.0,-6.0,-1026.0,49.0,2.0,2.0,128.0,151.0,-41.0,-100.0,56.0,-158.0,-130.0,70.0,-8.0,-172.0,14.0,48.0,-163.0,-244.0,-236.0,7.0,-59.0,29.0,259.0,-46.0,12.0,136.0,199.0,81.0
9,2015-23,4321,216.0,34.0,-33.0,90.0,90.0,90.0,-73.0,114.0,184.0,381.0,-73.0,106.0,-49.0,508.0,81.0,-28.0,-64.0,166.0,187.0,-81.0,101.0,867.0,-1138.0,100.0,-95.0,-6.0,-1026.0,49.0,2.0,2.0,128.0,151.0,-41.0,-100.0,56.0,-158.0,-130.0,70.0,-8.0,-172.0,14.0,48.0,-163.0,-244.0,-236.0,7.0,-59.0,29.0,259.0,-46.0,12.0,136.0,199.0
9,2015-24,4382,61.0,216.0,34.0,-33.0,90.0,90.0,90.0,-73.0,114.0,184.0,381.0,-73.0,106.0,-49.0,508.0,81.0,-28.0,-64.0,166.0,187.0,-81.0,101.0,867.0,-1138.0,100.0,-95.0,-6.0,-1026.0,49.0,2.0,2.0,128.0,151.0,-41.0,-100.0,56.0,-158.0,-130.0,70.0,-8.0,-172.0,14.0,48.0,-163.0,-244.0,-236.0,7.0,-59.0,29.0,259.0,-46.0,12.0,136.0
9,2015-25,4414,32.0,61.0,216.0,34.0,-33.0,90.0,90.0,90.0,-73.0,114.0,184.0,381.0,-73.0,106.0,-49.0,508.0,81.0,-28.0,-64.0,166.0,187.0,-81.0,101.0,867.0,-1138.0,100.0,-95.0,-6.0,-1026.0,49.0,2.0,2.0,128.0,151.0,-41.0,-100.0,56.0,-158.0,-130.0,70.0,-8.0,-172.0,14.0,48.0,-163.0,-244.0,-236.0,7.0,-59.0,29.0,259.0,-46.0,12.0
9,2015-26,4410,-4.0,32.0,61.0,216.0,34.0,-33.0,90.0,90.0,90.0,-73.0,114.0,184.0,381.0,-73.0,106.0,-49.0,508.0,81.0,-28.0,-64.0,166.0,187.0,-81.0,101.0,867.0,-1138.0,100.0,-95.0,-6.0,-1026.0,49.0,2.0,2.0,128.0,151.0,-41.0,-100.0,56.0,-158.0,-130.0,70.0,-8.0,-172.0,14.0,48.0,-163.0,-244.0,-236.0,7.0,-59.0,29.0,259.0,-46.0
9,2015-27,4467,57.0,-4.0,32.0,61.0,216.0,34.0,-33.0,90.0,90.0,90.0,-73.0,114.0,184.0,381.0,-73.0,106.0,-49.0,508.0,81.0,-28.0,-64.0,166.0,187.0,-81.0,101.0,867.0,-1138.0,100.0,-95.0,-6.0,-1026.0,49.0,2.0,2.0,128.0,151.0,-41.0,-100.0,56.0,-158.0,-130.0,70.0,-8.0,-172.0,14.0,48.0,-163.0,-244.0,-236.0,7.0,-59.0,29.0,259.0
9,2015-28,4734,267.0,57.0,-4.0,32.0,61.0,216.0,34.0,-33.0,90.0,90.0,90.0,-73.0,114.0,184.0,381.0,-73.0,106.0,-49.0,508.0,81.0,-28.0,-64.0,166.0,187.0,-81.0,101.0,867.0,-1138.0,100.0,-95.0,-6.0,-1026.0,49.0,2.0,2.0,128.0,151.0,-41.0,-100.0,56.0,-158.0,-130.0,70.0,-8.0,-172.0,14.0,48.0,-163.0,-244.0,-236.0,7.0,-59.0,29.0
9,2015-29,4685,-49.0,267.0,57.0,-4.0,32.0,61.0,216.0,34.0,-33.0,90.0,90.0,90.0,-73.0,114.0,184.0,381.0,-73.0,106.0,-49.0,508.0,81.0,-28.0,-64.0,166.0,187.0,-81.0,101.0,867.0,-1138.0,100.0,-95.0,-6.0,-1026.0,49.0,2.0,2.0,128.0,151.0,-41.0,-100.0,56.0,-158.0,-130.0,70.0,-8.0,-172.0,14.0,48.0,-163.0,-244.0,-236.0,7.0,-59.0
9,2015-30,4642,-43.0,-49.0,267.0,57.0,-4.0,32.0,61.0,216.0,34.0,-33.0,90.0,90.0,90.0,-73.0,114.0,184.0,381.0,-73.0,106.0,-49.0,508.0,81.0,-28.0,-64.0,166.0,187.0,-81.0,101.0,867.0,-1138.0,100.0,-95.0,-6.0,-1026.0,49.0,2.0,2.0,128.0,151.0,-41.0,-100.0,56.0,-158.0,-130.0,70.0,-8.0,-172.0,14.0,48.0,-163.0,-244.0,-236.0,7.0
9,2015-31,4498,-144.0,-43.0,-49.0,267.0,57.0,-4.0,32.0,61.0,216.0,34.0,-33.0,90.0,90.0,90.0,-73.0,114.0,184.0,381.0,-73.0,106.0,-49.0,508.0,81.0,-28.0,-64.0,166.0,187.0,-81.0,101.0,867.0,-1138.0,100.0,-95.0,-6.0,-1026.0,49.0,2.0,2.0,128.0,151.0,-41.0,-100.0,56.0,-158.0,-130.0,70.0,-8.0,-172.0,14.0,48.0,-163.0,-244.0,-236.0
9,2015-32,4073,-425.0,-144.0,-43.0,-49.0,267.0,57.0,-4.0,32.0,61.0,216.0,34.0,-33.0,90.0,90.0,90.0,-73.0,114.0,184.0,381.0,-73.0,106.0,-49.0,508.0,81.0,-28.0,-64.0,166.0,187.0,-81.0,101.0,867.0,-1138.0,100.0,-95.0,-6.0,-1026.0,49.0,2.0,2.0,128.0,151.0,-41.0,-100.0,56.0,-158.0,-130.0,70.0,-8.0,-172.0,14.0,48.0,-163.0,-244.0
9,2015-33,4059,-14.0,-425.0,-144.0,-43.0,-49.0,267.0,57.0,-4.0,32.0,61.0,216.0,34.0,-33.0,90.0,90.0,90.0,-73.0,114.0,184.0,381.0,-73.0,106.0,-49.0,508.0,81.0,-28.0,-64.0,166.0,187.0,-81.0,101.0,867.0,-1138.0,100.0,-95.0,-6.0,-1026.0,49.0,2.0,2.0,128.0,151.0,-41.0,-100.0,56.0,-158.0,-130.0,70.0,-8.0,-172.0,14.0,48.0,-163.0
9,2015-34,4164,105.0,-14.0,-425.0,-144.0,-43.0,-49.0,267.0,57.0,-4.0,32.0,61.0,216.0,34.0,-33.0,90.0,90.0,90.0,-73.0,114.0,184.0,381.0,-73.0,106.0,-49.0,508.0,81.0,-28.0,-64.0,166.0,187.0,-81.0,101.0,867.0,-1138.0,100.0,-95.0,-6.0,-1026.0,49.0,2.0,2.0,128.0,151.0,-41.0,-100.0,56.0,-158.0,-130.0,70.0,-8.0,-172.0,14.0,48.0
9,2015-35,4024,-140.0,105.0,-14.0,-425.0,-144.0,-43.0,-49.0,267.0,57.0,-4.0,32.0,61.0,216.0,34.0,-33.0,90.0,90.0,90.0,-73.0,114.0,184.0,381.0,-73.0,106.0,-49.0,508.0,81.0,-28.0,-64.0,166.0,187.0,-81.0,101.0,867.0,-1138.0,100.0,-95.0,-6.0,-1026.0,49.0,2.0,2.0,128.0,151.0,-41.0,-100.0,56.0,-158.0,-130.0,70.0,-8.0,-172.0,14.0
9,2015-36,3874,-150.0,-140.0,105.0,-14.0,-425.0,-144.0,-43.0,-49.0,267.0,57.0,-4.0,32.0,61.0,216.0,34.0,-33.0,90.0,90.0,90.0,-73.0,114.0,184.0,381.0,-73.0,106.0,-49.0,508.0,81.0,-28.0,-64.0,166.0,187.0,-81.0,101.0,867.0,-1138.0,100.0,-95.0,-6.0,-1026.0,49.0,2.0,2.0,128.0,151.0,-41.0,-100.0,56.0,-158.0,-130.0,70.0,-8.0,-172.0
9,2015-37,3902,28.0,-150.0,-140.0,105.0,-14.0,-425.0,-144.0,-43.0,-49.0,267.0,57.0,-4.0,32.0,61.0,216.0,34.0,-33.0,90.0,90.0,90.0,-73.0,114.0,184.0,381.0,-73.0,106.0,-49.0,508.0,81.0,-28.0,-64.0,166.0,187.0,-81.0,101.0,867.0,-1138.0,100.0,-95.0,-6.0,-1026.0,49.0,2.0,2.0,128.0,151.0,-41.0,-100.0,56.0,-158.0,-130.0,70.0,-8.0
9,2015-38,3859,-43.0,28.0,-150.0,-140.0,105.0,-14.0,-425.0,-144.0,-43.0,-49.0,267.0,57.0,-4.0,32.0,61.0,216.0,34.0,-33.0,90.0,90.0,90.0,-73.0,114.0,184.0,381.0,-73.0,106.0,-49.0,508.0,81.0,-28.0,-64.0,166.0,187.0,-81.0,101.0,867.0,-1138.0,100.0,-95.0,-6.0,-1026.0,49.0,2.0,2.0,128.0,151.0,-41.0,-100.0,56.0,-158.0,-130.0,70.0
9,2015-39,3841,-18.0,-43.0,28.0,-150.0,-140.0,105.0,-14.0,-425.0,-144.0,-43.0,-49.0,267.0,57.0,-4.0,32.0,61.0,216.0,34.0,-33.0,90.0,90.0,90.0,-73.0,114.0,184.0,381.0,-73.0,106.0,-49.0,508.0,81.0,-28.0,-64.0,166.0,187.0,-81.0,101.0,867.0,-1138.0,100.0,-95.0,-6.0,-1026.0,49.0,2.0,2.0,128.0,151.0,-41.0,-100.0,56.0,-158.0,-130.0
9,2015-40,3638,-203.0,-18.0,-43.0,28.0,-150.0,-140.0,105.0,-14.0,-425.0,-144.0,-43.0,-49.0,267.0,57.0,-4.0,32.0,61.0,216.0,34.0,-33.0,90.0,90.0,90.0,-73.0,114.0,184.0,381.0,-73.0,106.0,-49.0,508.0,81.0,-28.0,-64.0,166.0,187.0,-81.0,101.0,867.0,-1138.0,100.0,-95.0,-6.0,-1026.0,49.0,2.0,2.0,128.0,151.0,-41.0,-100.0,56.0,-158.0
9,2015-41,3541,-97.0,-203.0,-18.0,-43.0,28.0,-150.0,-140.0,105.0,-14.0,-425.0,-144.0,-43.0,-49.0,267.0,57.0,-4.0,32.0,61.0,216.0,34.0,-33.0,90.0,90.0,90.0,-73.0,114.0,184.0,381.0,-73.0,106.0,-49.0,508.0,81.0,-28.0,-64.0,166.0,187.0,-81.0,101.0,867.0,-1138.0,100.0,-95.0,-6.0,-1026.0,49.0,2.0,2.0,128.0,151.0,-41.0,-100.0,56.0
9,2015-42,3573,32.0,-97.0,-203.0,-18.0,-43.0,28.0,-150.0,-140.0,105.0,-14.0,-425.0,-144.0,-43.0,-49.0,267.0,57.0,-4.0,32.0,61.0,216.0,34.0,-33.0,90.0,90.0,90.0,-73.0,114.0,184.0,381.0,-73.0,106.0,-49.0,508.0,81.0,-28.0,-64.0,166.0,187.0,-81.0,101.0,867.0,-1138.0,100.0,-95.0,-6.0,-1026.0,49.0,2.0,2.0,128.0,151.0,-41.0,-100.0
9,2015-43,3584,11.0,32.0,-97.0,-203.0,-18.0,-43.0,28.0,-150.0,-140.0,105.0,-14.0,-425.0,-144.0,-43.0,-49.0,267.0,57.0,-4.0,32.0,61.0,216.0,34.0,-33.0,90.0,90.0,90.0,-73.0,114.0,184.0,381.0,-73.0,106.0,-49.0,508.0,81.0,-28.0,-64.0,166.0,187.0,-81.0,101.0,867.0,-1138.0,100.0,-95.0,-6.0,-1026.0,49.0,2.0,2.0,128.0,151.0,-41.0
9,2015-44,3570,-14.0,11.0,32.0,-97.0,-203.0,-18.0,-43.0,28.0,-150.0,-140.0,105.0,-14.0,-425.0,-144.0,-43.0,-49.0,267.0,57.0,-4.0,32.0,61.0,216.0,34.0,-33.0,90.0,90.0,90.0,-73.0,114.0,184.0,381.0,-73.0,106.0,-49.0,508.0,81.0,-28.0,-64.0,166.0,187.0,-81.0,101.0,867.0,-1138.0,100.0,-95.0,-6.0,-1026.0,49.0,2.0,2.0,128.0,151.0
9,2015-45,3865,295.0,-14.0,11.0,32.0,-97.0,-203.0,-18.0,-43.0,28.0,-150.0,-140.0,105.0,-14.0,-425.0,-144.0,-43.0,-49.0,267.0,57.0,-4.0,32.0,61.0,216.0,34.0,-33.0,90.0,90.0,90.0,-73.0,114.0,184.0,381.0,-73.0,106.0,-49.0,508.0,81.0,-28.0,-64.0,166.0,187.0,-81.0,101.0,867.0,-1138.0,100.0,-95.0,-6.0,-1026.0,49.0,2.0,2.0,128.0
9,2015-46,3816,-49.0,295.0,-14.0,11.0,32.0,-97.0,-203.0,-18.0,-43.0,28.0,-150.0,-140.0,105.0,-14.0,-425.0,-144.0,-43.0,-49.0,267.0,57.0,-4.0,32.0,61.0,216.0,34.0,-33.0,90.0,90.0,90.0,-73.0,114.0,184.0,381.0,-73.0,106.0,-49.0,508.0,81.0,-28.0,-64.0,166.0,187.0,-81.0,101.0,867.0,-1138.0,100.0,-95.0,-6.0,-1026.0,49.0,2.0,2.0
9,2015-47,3764,-52.0,-49.0,295.0,-14.0,11.0,32.0,-97.0,-203.0,-18.0,-43.0,28.0,-150.0,-140.0,105.0,-14.0,-425.0,-144.0,-43.0,-49.0,267.0,57.0,-4.0,32.0,61.0,216.0,34.0,-33.0,90.0,90.0,90.0,-73.0,114.0,184.0,381.0,-73.0,106.0,-49.0,508.0,81.0,-28.0,-64.0,166.0,187.0,-81.0,101.0,867.0,-1138.0,100.0,-95.0,-6.0,-1026.0,49.0,2.0
9,2015-48,3892,128.0,-52.0,-49.0,295.0,-14.0,11.0,32.0,-97.0,-203.0,-18.0,-43.0,28.0,-150.0,-140.0,105.0,-14.0,-425.0,-144.0,-43.0,-49.0,267.0,57.0,-4.0,32.0,61.0,216.0,34.0,-33.0,90.0,90.0,90.0,-73.0,114.0,184.0,381.0,-73.0,106.0,-49.0,508.0,81.0,-28.0,-64.0,166.0,187.0,-81.0,101.0,867.0,-1138.0,100.0,-95.0,-6.0,-1026.0,49.0
9,2015-49,2805,-1087.0,128.0,-52.0,-49.0,295.0,-14.0,11.0,32.0,-97.0,-203.0,-18.0,-43.0,28.0,-150.0,-140.0,105.0,-14.0,-425.0,-144.0,-43.0,-49.0,267.0,57.0,-4.0,32.0,61.0,216.0,34.0,-33.0,90.0,90.0,90.0,-73.0,114.0,184.0,381.0,-73.0,106.0,-49.0,508.0,81.0,-28.0,-64.0,166.0,187.0,-81.0,101.0,867.0,-1138.0,100.0,-95.0,-6.0,-1026.0
9,2015-50,2738,-67.0,-1087.0,128.0,-52.0,-49.0,295.0,-14.0,11.0,32.0,-97.0,-203.0,-18.0,-43.0,28.0,-150.0,-140.0,105.0,-14.0,-425.0,-144.0,-43.0,-49.0,267.0,57.0,-4.0,32.0,61.0,216.0,34.0,-33.0,90.0,90.0,90.0,-73.0,114.0,184.0,381.0,-73.0,106.0,-49.0,508.0,81.0,-28.0,-64.0,166.0,187.0,-81.0,101.0,867.0,-1138.0,100.0,-95.0,-6.0
9,2015-51,2708,-30.0,-67.0,-1087.0,128.0,-52.0,-49.0,295.0,-14.0,11.0,32.0,-97.0,-203.0,-18.0,-43.0,28.0,-150.0,-140.0,105.0,-14.0,-425.0,-144.0,-43.0,-49.0,267.0,57.0,-4.0,32.0,61.0,216.0,34.0,-33.0,90.0,90.0,90.0,-73.0,114.0,184.0,381.0,-73.0,106.0,-49.0,508.0,81.0,-28.0,-64.0,166.0,187.0,-81.0,101.0,867.0,-1138.0,100.0,-95.0
9,2015-52,2698,-10.0,-30.0,-67.0,-1087.0,128.0,-52.0,-49.0,295.0,-14.0,11.0,32.0,-97.0,-203.0,-18.0,-43.0,28.0,-150.0,-140.0,105.0,-14.0,-425.0,-144.0,-43.0,-49.0,267.0,57.0,-4.0,32.0,61.0,216.0,34.0,-33.0,90.0,90.0,90.0,-73.0,114.0,184.0,381.0,-73.0,106.0,-49.0,508.0,81.0,-28.0,-64.0,166.0,187.0,-81.0,101.0,867.0,-1138.0,100.0
9,2015-53,1415,-1283.0,-10.0,-30.0,-67.0,-1087.0,128.0,-52.0,-49.0,295.0,-14.0,11.0,32.0,-97.0,-203.0,-18.0,-43.0,28.0,-150.0,-140.0,105.0,-14.0,-425.0,-144.0,-43.0,-49.0,267.0,57.0,-4.0,32.0,61.0,216.0,34.0,-33.0,90.0,90.0,90.0,-73.0,114.0,184.0,381.0,-73.0,106.0,-49.0,508.0,81.0,-28.0,-64.0,166.0,187.0,-81.0,101.0,867.0,-1138.0
9,2016-01,2636,1221.0,-1283.0,-10.0,-30.0,-67.0,-1087.0,128.0,-52.0,-49.0,295.0,-14.0,11.0,32.0,-97.0,-203.0,-18.0,-43.0,28.0,-150.0,-140.0,105.0,-14.0,-425.0,-144.0,-43.0,-49.0,267.0,57.0,-4.0,32.0,61.0,216.0,34.0,-33.0,90.0,90.0,90.0,-73.0,114.0,184.0,381.0,-73.0,106.0,-49.0,508.0,81.0,-28.0,-64.0,166.0,187.0,-81.0,101.0,867.0
9,2016-02,2623,-13.0,1221.0,-1283.0,-10.0,-30.0,-67.0,-1087.0,128.0,-52.0,-49.0,295.0,-14.0,11.0,32.0,-97.0,-203.0,-18.0,-43.0,28.0,-150.0,-140.0,105.0,-14.0,-425.0,-144.0,-43.0,-49.0,267.0,57.0,-4.0,32.0,61.0,216.0,34.0,-33.0,90.0,90.0,90.0,-73.0,114.0,184.0,381.0,-73.0,106.0,-49.0,508.0,81.0,-28.0,-64.0,166.0,187.0,-81.0,101.0
9,2016-03,2617,-6.0,-13.0,1221.0,-1283.0,-10.0,-30.0,-67.0,-1087.0,128.0,-52.0,-49.0,295.0,-14.0,11.0,32.0,-97.0,-203.0,-18.0,-43.0,28.0,-150.0,-140.0,105.0,-14.0,-425.0,-144.0,-43.0,-49.0,267.0,57.0,-4.0,32.0,61.0,216.0,34.0,-33.0,90.0,90.0,90.0,-73.0,114.0,184.0,381.0,-73.0,106.0,-49.0,508.0,81.0,-28.0,-64.0,166.0,187.0,-81.0
9,2016-04,2563,-54.0,-6.0,-13.0,1221.0,-1283.0,-10.0,-30.0,-67.0,-1087.0,128.0,-52.0,-49.0,295.0,-14.0,11.0,32.0,-97.0,-203.0,-18.0,-43.0,28.0,-150.0,-140.0,105.0,-14.0,-425.0,-144.0,-43.0,-49.0,267.0,57.0,-4.0,32.0,61.0,216.0,34.0,-33.0,90.0,90.0,90.0,-73.0,114.0,184.0,381.0,-73.0,106.0,-49.0,508.0,81.0,-28.0,-64.0,166.0,187.0
9,2016-05,2894,331.0,-54.0,-6.0,-13.0,1221.0,-1283.0,-10.0,-30.0,-67.0,-1087.0,128.0,-52.0,-49.0,295.0,-14.0,11.0,32.0,-97.0,-203.0,-18.0,-43.0,28.0,-150.0,-140.0,105.0,-14.0,-425.0,-144.0,-43.0,-49.0,267.0,57.0,-4.0,32.0,61.0,216.0,34.0,-33.0,90.0,90.0,90.0,-73.0,114.0,184.0,381.0,-73.0,106.0,-49.0,508.0,81.0,-28.0,-64.0,166.0
9,2016-06,2955,61.0,331.0,-54.0,-6.0,-13.0,1221.0,-1283.0,-10.0,-30.0,-67.0,-1087.0,128.0,-52.0,-49.0,295.0,-14.0,11.0,32.0,-97.0,-203.0,-18.0,-43.0,28.0,-150.0,-140.0,105.0,-14.0,-425.0,-144.0,-43.0,-49.0,267.0,57.0,-4.0,32.0,61.0,216.0,34.0,-33.0,90.0,90.0,90.0,-73.0,114.0,184.0,381.0,-73.0,106.0,-49.0,508.0,81.0,-28.0,-64.0
9,2016-07,2953,-2.0,61.0,331.0,-54.0,-6.0,-13.0,1221.0,-1283.0,-10.0,-30.0,-67.0,-1087.0,128.0,-52.0,-49.0,295.0,-14.0,11.0,32.0,-97.0,-203.0,-18.0,-43.0,28.0,-150.0,-140.0,105.0,-14.0,-425.0,-144.0,-43.0,-49.0,267.0,57.0,-4.0,32.0,61.0,216.0,34.0,-33.0,90.0,90.0,90.0,-73.0,114.0,184.0,381.0,-73.0,106.0,-49.0,508.0,81.0,-28.0
9,2016-08,2920,-33.0,-2.0,61.0,331.0,-54.0,-6.0,-13.0,1221.0,-1283.0,-10.0,-30.0,-67.0,-1087.0,128.0,-52.0,-49.0,295.0,-14.0,11.0,32.0,-97.0,-203.0,-18.0,-43.0,28.0,-150.0,-140.0,105.0,-14.0,-425.0,-144.0,-43.0,-49.0,267.0,57.0,-4.0,32.0,61.0,216.0,34.0,-33.0,90.0,90.0,90.0,-73.0,114.0,184.0,381.0,-73.0,106.0,-49.0,508.0,81.0
9,2016-09,3442,522.0,-33.0,-2.0,61.0,331.0,-54.0,-6.0,-13.0,1221.0,-1283.0,-10.0,-30.0,-67.0,-1087.0,128.0,-52.0,-49.0,295.0,-14.0,11.0,32.0,-97.0,-203.0,-18.0,-43.0,28.0,-150.0,-140.0,105.0,-14.0,-425.0,-144.0,-43.0,-49.0,267.0,57.0,-4.0,32.0,61.0,216.0,34.0,-33.0,90.0,90.0,90.0,-73.0,114.0,184.0,381.0,-73.0,106.0,-49.0,508.0
9,2016-10,3607,165.0,522.0,-33.0,-2.0,61.0,331.0,-54.0,-6.0,-13.0,1221.0,-1283.0,-10.0,-30.0,-67.0,-1087.0,128.0,-52.0,-49.0,295.0,-14.0,11.0,32.0,-97.0,-203.0,-18.0,-43.0,28.0,-150.0,-140.0,105.0,-14.0,-425.0,-144.0,-43.0,-49.0,267.0,57.0,-4.0,32.0,61.0,216.0,34.0,-33.0,90.0,90.0,90.0,-73.0,114.0,184.0,381.0,-73.0,106.0,-49.0
9,2016-11,3488,-119.0,165.0,522.0,-33.0,-2.0,61.0,331.0,-54.0,-6.0,-13.0,1221.0,-1283.0,-10.0,-30.0,-67.0,-1087.0,128.0,-52.0,-49.0,295.0,-14.0,11.0,32.0,-97.0,-203.0,-18.0,-43.0,28.0,-150.0,-140.0,105.0,-14.0,-425.0,-144.0,-43.0,-49.0,267.0,57.0,-4.0,32.0,61.0,216.0,34.0,-33.0,90.0,90.0,90.0,-73.0,114.0,184.0,381.0,-73.0,106.0
9,2016-12,3608,120.0,-119.0,165.0,522.0,-33.0,-2.0,61.0,331.0,-54.0,-6.0,-13.0,1221.0,-1283.0,-10.0,-30.0,-67.0,-1087.0,128.0,-52.0,-49.0,295.0,-14.0,11.0,32.0,-97.0,-203.0,-18.0,-43.0,28.0,-150.0,-140.0,105.0,-14.0,-425.0,-144.0,-43.0,-49.0,267.0,57.0,-4.0,32.0,61.0,216.0,34.0,-33.0,90.0,90.0,90.0,-73.0,114.0,184.0,381.0,-73.0
9,2016-13,3670,62.0,120.0,-119.0,165.0,522.0,-33.0,-2.0,61.0,331.0,-54.0,-6.0,-13.0,1221.0,-1283.0,-10.0,-30.0,-67.0,-1087.0,128.0,-52.0,-49.0,295.0,-14.0,11.0,32.0,-97.0,-203.0,-18.0,-43.0,28.0,-150.0,-140.0,105.0,-14.0,-425.0,-144.0,-43.0,-49.0,267.0,57.0,-4.0,32.0,61.0,216.0,34.0,-33.0,90.0,90.0,90.0,-73.0,114.0,184.0,381.0
9,2016-14,4030,360.0,62.0,120.0,-119.0,165.0,522.0,-33.0,-2.0,61.0,331.0,-54.0,-6.0,-13.0,1221.0,-1283.0,-10.0,-30.0,-67.0,-1087.0,128.0,-52.0,-49.0,295.0,-14.0,11.0,32.0,-97.0,-203.0,-18.0,-43.0,28.0,-150.0,-140.0,105.0,-14.0,-425.0,-144.0,-43.0,-49.0,267.0,57.0,-4.0,32.0,61.0,216.0,34.0,-33.0,90.0,90.0,90.0,-73.0,114.0,184.0
9,2016-15,4092,62.0,360.0,62.0,120.0,-119.0,165.0,522.0,-33.0,-2.0,61.0,331.0,-54.0,-6.0,-13.0,1221.0,-1283.0,-10.0,-30.0,-67.0,-1087.0,128.0,-52.0,-49.0,295.0,-14.0,11.0,32.0,-97.0,-203.0,-18.0,-43.0,28.0,-150.0,-140.0,105.0,-14.0,-425.0,-144.0,-43.0,-49.0,267.0,57.0,-4.0,32.0,61.0,216.0,34.0,-33.0,90.0,90.0,90.0,-73.0,114.0
9,2016-16,4024,-68.0,62.0,360.0,62.0,120.0,-119.0,165.0,522.0,-33.0,-2.0,61.0,331.0,-54.0,-6.0,-13.0,1221.0,-1283.0,-10.0,-30.0,-67.0,-1087.0,128.0,-52.0,-49.0,295.0,-14.0,11.0,32.0,-97.0,-203.0,-18.0,-43.0,28.0,-150.0,-140.0,105.0,-14.0,-425.0,-144.0,-43.0,-49.0,267.0,57.0,-4.0,32.0,61.0,216.0,34.0,-33.0,90.0,90.0,90.0,-73.0
9,2016-17,4191,167.0,-68.0,62.0,360.0,62.0,120.0,-119.0,165.0,522.0,-33.0,-2.0,61.0,331.0,-54.0,-6.0,-13.0,1221.0,-1283.0,-10.0,-30.0,-67.0,-1087.0,128.0,-52.0,-49.0,295.0,-14.0,11.0,32.0,-97.0,-203.0,-18.0,-43.0,28.0,-150.0,-140.0,105.0,-14.0,-425.0,-144.0,-43.0,-49.0,267.0,57.0,-4.0,32.0,61.0,216.0,34.0,-33.0,90.0,90.0,90.0
9,2016-18,4436,245.0,167.0,-68.0,62.0,360.0,62.0,120.0,-119.0,165.0,522.0,-33.0,-2.0,61.0,331.0,-54.0,-6.0,-13.0,1221.0,-1283.0,-10.0,-30.0,-67.0,-1087.0,128.0,-52.0,-49.0,295.0,-14.0,11.0,32.0,-97.0,-203.0,-18.0,-43.0,28.0,-150.0,-140.0,105.0,-14.0,-425.0,-144.0,-43.0,-49.0,267.0,57.0,-4.0,32.0,61.0,216.0,34.0,-33.0,90.0,90.0
9,2016-19,4266,-170.0,245.0,167.0,-68.0,62.0,360.0,62.0,120.0,-119.0,165.0,522.0,-33.0,-2.0,61.0,331.0,-54.0,-6.0,-13.0,1221.0,-1283.0,-10.0,-30.0,-67.0,-1087.0,128.0,-52.0,-49.0,295.0,-14.0,11.0,32.0,-97.0,-203.0,-18.0,-43.0,28.0,-150.0,-140.0,105.0,-14.0,-425.0,-144.0,-43.0,-49.0,267.0,57.0,-4.0,32.0,61.0,216.0,34.0,-33.0,90.0
9,2016-20,4365,99.0,-170.0,245.0,167.0,-68.0,62.0,360.0,62.0,120.0,-119.0,165.0,522.0,-33.0,-2.0,61.0,331.0,-54.0,-6.0,-13.0,1221.0,-1283.0,-10.0,-30.0,-67.0,-1087.0,128.0,-52.0,-49.0,295.0,-14.0,11.0,32.0,-97.0,-203.0,-18.0,-43.0,28.0,-150.0,-140.0,105.0,-14.0,-425.0,-144.0,-43.0,-49.0,267.0,57.0,-4.0,32.0,61.0,216.0,34.0,-33.0
9,2016-21,4399,34.0,99.0,-170.0,245.0,167.0,-68.0,62.0,360.0,62.0,120.0,-119.0,165.0,522.0,-33.0,-2.0,61.0,331.0,-54.0,-6.0,-13.0,1221.0,-1283.0,-10.0,-30.0,-67.0,-1087.0,128.0,-52.0,-49.0,295.0,-14.0,11.0,32.0,-97.0,-203.0,-18.0,-43.0,28.0,-150.0,-140.0,105.0,-14.0,-425.0,-144.0,-43.0,-49.0,267.0,57.0,-4.0,32.0,61.0,216.0,34.0
9,2016-22,4684,285.0,34.0,99.0,-170.0,245.0,167.0,-68.0,62.0,360.0,62.0,120.0,-119.0,165.0,522.0,-33.0,-2.0,61.0,331.0,-54.0,-6.0,-13.0,1221.0,-1283.0,-10.0,-30.0,-67.0,-1087.0,128.0,-52.0,-49.0,295.0,-14.0,11.0,32.0,-97.0,-203.0,-18.0,-43.0,28.0,-150.0,-140.0,105.0,-14.0,-425.0,-144.0,-43.0,-49.0,267.0,57.0,-4.0,32.0,61.0,216.0
9,2016-23,4808,124.0,285.0,34.0,99.0,-170.0,245.0,167.0,-68.0,62.0,360.0,62.0,120.0,-119.0,165.0,522.0,-33.0,-2.0,61.0,331.0,-54.0,-6.0,-13.0,1221.0,-1283.0,-10.0,-30.0,-67.0,-1087.0,128.0,-52.0,-49.0,295.0,-14.0,11.0,32.0,-97.0,-203.0,-18.0,-43.0,28.0,-150.0,-140.0,105.0,-14.0,-425.0,-144.0,-43.0,-49.0,267.0,57.0,-4.0,32.0,61.0
9,2016-24,4701,-107.0,124.0,285.0,34.0,99.0,-170.0,245.0,167.0,-68.0,62.0,360.0,62.0,120.0,-119.0,165.0,522.0,-33.0,-2.0,61.0,331.0,-54.0,-6.0,-13.0,1221.0,-1283.0,-10.0,-30.0,-67.0,-1087.0,128.0,-52.0,-49.0,295.0,-14.0,11.0,32.0,-97.0,-203.0,-18.0,-43.0,28.0,-150.0,-140.0,105.0,-14.0,-425.0,-144.0,-43.0,-49.0,267.0,57.0,-4.0,32.0
9,2016-25,4648,-53.0,-107.0,124.0,285.0,34.0,99.0,-170.0,245.0,167.0,-68.0,62.0,360.0,62.0,120.0,-119.0,165.0,522.0,-33.0,-2.0,61.0,331.0,-54.0,-6.0,-13.0,1221.0,-1283.0,-10.0,-30.0,-67.0,-1087.0,128.0,-52.0,-49.0,295.0,-14.0,11.0,32.0,-97.0,-203.0,-18.0,-43.0,28.0,-150.0,-140.0,105.0,-14.0,-425.0,-144.0,-43.0,-49.0,267.0,57.0,-4.0
9,2016-26,4748,100.0,-53.0,-107.0,124.0,285.0,34.0,99.0,-170.0,245.0,167.0,-68.0,62.0,360.0,62.0,120.0,-119.0,165.0,522.0,-33.0,-2.0,61.0,331.0,-54.0,-6.0,-13.0,1221.0,-1283.0,-10.0,-30.0,-67.0,-1087.0,128.0,-52.0,-49.0,295.0,-14.0,11.0,32.0,-97.0,-203.0,-18.0,-43.0,28.0,-150.0,-140.0,105.0,-14.0,-425.0,-144.0,-43.0,-49.0,267.0,57.0
9,2016-27,5090,342.0,100.0,-53.0,-107.0,124.0,285.0,34.0,99.0,-170.0,245.0,167.0,-68.0,62.0,360.0,62.0,120.0,-119.0,165.0,522.0,-33.0,-2.0,61.0,331.0,-54.0,-6.0,-13.0,1221.0,-1283.0,-10.0,-30.0,-67.0,-1087.0,128.0,-52.0,-49.0,295.0,-14.0,11.0,32.0,-97.0,-203.0,-18.0,-43.0,28.0,-150.0,-140.0,105.0,-14.0,-425.0,-144.0,-43.0,-49.0,267.0
9,2016-28,4967,-123.0,342.0,100.0,-53.0,-107.0,124.0,285.0,34.0,99.0,-170.0,245.0,167.0,-68.0,62.0,360.0,62.0,120.0,-119.0,165.0,522.0,-33.0,-2.0,61.0,331.0,-54.0,-6.0,-13.0,1221.0,-1283.0,-10.0,-30.0,-67.0,-1087.0,128.0,-52.0,-49.0,295.0,-14.0,11.0,32.0,-97.0,-203.0,-18.0,-43.0,28.0,-150.0,-140.0,105.0,-14.0,-425.0,-144.0,-43.0,-49.0
9,2016-29,5048,81.0,-123.0,342.0,100.0,-53.0,-107.0,124.0,285.0,34.0,99.0,-170.0,245.0,167.0,-68.0,62.0,360.0,62.0,120.0,-119.0,165.0,522.0,-33.0,-2.0,61.0,331.0,-54.0,-6.0,-13.0,1221.0,-1283.0,-10.0,-30.0,-67.0,-1087.0,128.0,-52.0,-49.0,295.0,-14.0,11.0,32.0,-97.0,-203.0,-18.0,-43.0,28.0,-150.0,-140.0,105.0,-14.0,-425.0,-144.0,-43.0
9,2016-30,5063,15.0,81.0,-123.0,342.0,100.0,-53.0,-107.0,124.0,285.0,34.0,99.0,-170.0,245.0,167.0,-68.0,62.0,360.0,62.0,120.0,-119.0,165.0,522.0,-33.0,-2.0,61.0,331.0,-54.0,-6.0,-13.0,1221.0,-1283.0,-10.0,-30.0,-67.0,-1087.0,128.0,-52.0,-49.0,295.0,-14.0,11.0,32.0,-97.0,-203.0,-18.0,-43.0,28.0,-150.0,-140.0,105.0,-14.0,-425.0,-144.0
9,2016-31,4439,-624.0,15.0,81.0,-123.0,342.0,100.0,-53.0,-107.0,124.0,285.0,34.0,99.0,-170.0,245.0,167.0,-68.0,62.0,360.0,62.0,120.0,-119.0,165.0,522.0,-33.0,-2.0,61.0,331.0,-54.0,-6.0,-13.0,1221.0,-1283.0,-10.0,-30.0,-67.0,-1087.0,128.0,-52.0,-49.0,295.0,-14.0,11.0,32.0,-97.0,-203.0,-18.0,-43.0,28.0,-150.0,-140.0,105.0,-14.0,-425.0
9,2016-32,4475,36.0,-624.0,15.0,81.0,-123.0,342.0,100.0,-53.0,-107.0,124.0,285.0,34.0,99.0,-170.0,245.0,167.0,-68.0,62.0,360.0,62.0,120.0,-119.0,165.0,522.0,-33.0,-2.0,61.0,331.0,-54.0,-6.0,-13.0,1221.0,-1283.0,-10.0,-30.0,-67.0,-1087.0,128.0,-52.0,-49.0,295.0,-14.0,11.0,32.0,-97.0,-203.0,-18.0,-43.0,28.0,-150.0,-140.0,105.0,-14.0
9,2016-33,4490,15.0,36.0,-624.0,15.0,81.0,-123.0,342.0,100.0,-53.0,-107.0,124.0,285.0,34.0,99.0,-170.0,245.0,167.0,-68.0,62.0,360.0,62.0,120.0,-119.0,165.0,522.0,-33.0,-2.0,61.0,331.0,-54.0,-6.0,-13.0,1221.0,-1283.0,-10.0,-30.0,-67.0,-1087.0,128.0,-52.0,-49.0,295.0,-14.0,11.0,32.0,-97.0,-203.0,-18.0,-43.0,28.0,-150.0,-140.0,105.0
9,2016-34,4338,-152.0,15.0,36.0,-624.0,15.0,81.0,-123.0,342.0,100.0,-53.0,-107.0,124.0,285.0,34.0,99.0,-170.0,245.0,167.0,-68.0,62.0,360.0,62.0,120.0,-119.0,165.0,522.0,-33.0,-2.0,61.0,331.0,-54.0,-6.0,-13.0,1221.0,-1283.0,-10.0,-30.0,-67.0,-1087.0,128.0,-52.0,-49.0,295.0,-14.0,11.0,32.0,-97.0,-203.0,-18.0,-43.0,28.0,-150.0,-140.0
9,2016-35,4235,-103.0,-152.0,15.0,36.0,-624.0,15.0,81.0,-123.0,342.0,100.0,-53.0,-107.0,124.0,285.0,34.0,99.0,-170.0,245.0,167.0,-68.0,62.0,360.0,62.0,120.0,-119.0,165.0,522.0,-33.0,-2.0,61.0,331.0,-54.0,-6.0,-13.0,1221.0,-1283.0,-10.0,-30.0,-67.0,-1087.0,128.0,-52.0,-49.0,295.0,-14.0,11.0,32.0,-97.0,-203.0,-18.0,-43.0,28.0,-150.0
9,2016-36,4086,-149.0,-103.0,-152.0,15.0,36.0,-624.0,15.0,81.0,-123.0,342.0,100.0,-53.0,-107.0,124.0,285.0,34.0,99.0,-170.0,245.0,167.0,-68.0,62.0,360.0,62.0,120.0,-119.0,165.0,522.0,-33.0,-2.0,61.0,331.0,-54.0,-6.0,-13.0,1221.0,-1283.0,-10.0,-30.0,-67.0,-1087.0,128.0,-52.0,-49.0,295.0,-14.0,11.0,32.0,-97.0,-203.0,-18.0,-43.0,28.0
9,2016-37,4002,-84.0,-149.0,-103.0,-152.0,15.0,36.0,-624.0,15.0,81.0,-123.0,342.0,100.0,-53.0,-107.0,124.0,285.0,34.0,99.0,-170.0,245.0,167.0,-68.0,62.0,360.0,62.0,120.0,-119.0,165.0,522.0,-33.0,-2.0,61.0,331.0,-54.0,-6.0,-13.0,1221.0,-1283.0,-10.0,-30.0,-67.0,-1087.0,128.0,-52.0,-49.0,295.0,-14.0,11.0,32.0,-97.0,-203.0,-18.0,-43.0
9,2016-38,4200,198.0,-84.0,-149.0,-103.0,-152.0,15.0,36.0,-624.0,15.0,81.0,-123.0,342.0,100.0,-53.0,-107.0,124.0,285.0,34.0,99.0,-170.0,245.0,167.0,-68.0,62.0,360.0,62.0,120.0,-119.0,165.0,522.0,-33.0,-2.0,61.0,331.0,-54.0,-6.0,-13.0,1221.0,-1283.0,-10.0,-30.0,-67.0,-1087.0,128.0,-52.0,-49.0,295.0,-14.0,11.0,32.0,-97.0,-203.0,-18.0
9,2016-39,3986,-214.0,198.0,-84.0,-149.0,-103.0,-152.0,15.0,36.0,-624.0,15.0,81.0,-123.0,342.0,100.0,-53.0,-107.0,124.0,285.0,34.0,99.0,-170.0,245.0,167.0,-68.0,62.0,360.0,62.0,120.0,-119.0,165.0,522.0,-33.0,-2.0,61.0,331.0,-54.0,-6.0,-13.0,1221.0,-1283.0,-10.0,-30.0,-67.0,-1087.0,128.0,-52.0,-49.0,295.0,-14.0,11.0,32.0,-97.0,-203.0
9,2016-40,3800,-186.0,-214.0,198.0,-84.0,-149.0,-103.0,-152.0,15.0,36.0,-624.0,15.0,81.0,-123.0,342.0,100.0,-53.0,-107.0,124.0,285.0,34.0,99.0,-170.0,245.0,167.0,-68.0,62.0,360.0,62.0,120.0,-119.0,165.0,522.0,-33.0,-2.0,61.0,331.0,-54.0,-6.0,-13.0,1221.0,-1283.0,-10.0,-30.0,-67.0,-1087.0,128.0,-52.0,-49.0,295.0,-14.0,11.0,32.0,-97.0
9,2016-41,3963,163.0,-186.0,-214.0,198.0,-84.0,-149.0,-103.0,-152.0,15.0,36.0,-624.0,15.0,81.0,-123.0,342.0,100.0,-53.0,-107.0,124.0,285.0,34.0,99.0,-170.0,245.0,167.0,-68.0,62.0,360.0,62.0,120.0,-119.0,165.0,522.0,-33.0,-2.0,61.0,331.0,-54.0,-6.0,-13.0,1221.0,-1283.0,-10.0,-30.0,-67.0,-1087.0,128.0,-52.0,-49.0,295.0,-14.0,11.0,32.0
9,2016-42,3945,-18.0,163.0,-186.0,-214.0,198.0,-84.0,-149.0,-103.0,-152.0,15.0,36.0,-624.0,15.0,81.0,-123.0,342.0,100.0,-53.0,-107.0,124.0,285.0,34.0,99.0,-170.0,245.0,167.0,-68.0,62.0,360.0,62.0,120.0,-119.0,165.0,522.0,-33.0,-2.0,61.0,331.0,-54.0,-6.0,-13.0,1221.0,-1283.0,-10.0,-30.0,-67.0,-1087.0,128.0,-52.0,-49.0,295.0,-14.0,11.0
9,2016-43,3676,-269.0,-18.0,163.0,-186.0,-214.0,198.0,-84.0,-149.0,-103.0,-152.0,15.0,36.0,-624.0,15.0,81.0,-123.0,342.0,100.0,-53.0,-107.0,124.0,285.0,34.0,99.0,-170.0,245.0,167.0,-68.0,62.0,360.0,62.0,120.0,-119.0,165.0,522.0,-33.0,-2.0,61.0,331.0,-54.0,-6.0,-13.0,1221.0,-1283.0,-10.0,-30.0,-67.0,-1087.0,128.0,-52.0,-49.0,295.0,-14.0
9,2016-44,4164,488.0,-269.0,-18.0,163.0,-186.0,-214.0,198.0,-84.0,-149.0,-103.0,-152.0,15.0,36.0,-624.0,15.0,81.0,-123.0,342.0,100.0,-53.0,-107.0,124.0,285.0,34.0,99.0,-170.0,245.0,167.0,-68.0,62.0,360.0,62.0,120.0,-119.0,165.0,522.0,-33.0,-2.0,61.0,331.0,-54.0,-6.0,-13.0,1221.0,-1283.0,-10.0,-30.0,-67.0,-1087.0,128.0,-52.0,-49.0,295.0
9,2016-45,4081,-83.0,488.0,-269.0,-18.0,163.0,-186.0,-214.0,198.0,-84.0,-149.0,-103.0,-152.0,15.0,36.0,-624.0,15.0,81.0,-123.0,342.0,100.0,-53.0,-107.0,124.0,285.0,34.0,99.0,-170.0,245.0,167.0,-68.0,62.0,360.0,62.0,120.0,-119.0,165.0,522.0,-33.0,-2.0,61.0,331.0,-54.0,-6.0,-13.0,1221.0,-1283.0,-10.0,-30.0,-67.0,-1087.0,128.0,-52.0,-49.0
9,2016-46,4171,90.0,-83.0,488.0,-269.0,-18.0,163.0,-186.0,-214.0,198.0,-84.0,-149.0,-103.0,-152.0,15.0,36.0,-624.0,15.0,81.0,-123.0,342.0,100.0,-53.0,-107.0,124.0,285.0,34.0,99.0,-170.0,245.0,167.0,-68.0,62.0,360.0,62.0,120.0,-119.0,165.0,522.0,-33.0,-2.0,61.0,331.0,-54.0,-6.0,-13.0,1221.0,-1283.0,-10.0,-30.0,-67.0,-1087.0,128.0,-52.0
9,2016-47,4113,-58.0,90.0,-83.0,488.0,-269.0,-18.0,163.0,-186.0,-214.0,198.0,-84.0,-149.0,-103.0,-152.0,15.0,36.0,-624.0,15.0,81.0,-123.0,342.0,100.0,-53.0,-107.0,124.0,285.0,34.0,99.0,-170.0,245.0,167.0,-68.0,62.0,360.0,62.0,120.0,-119.0,165.0,522.0,-33.0,-2.0,61.0,331.0,-54.0,-6.0,-13.0,1221.0,-1283.0,-10.0,-30.0,-67.0,-1087.0,128.0
9,2016-48,3391,-722.0,-58.0,90.0,-83.0,488.0,-269.0,-18.0,163.0,-186.0,-214.0,198.0,-84.0,-149.0,-103.0,-152.0,15.0,36.0,-624.0,15.0,81.0,-123.0,342.0,100.0,-53.0,-107.0,124.0,285.0,34.0,99.0,-170.0,245.0,167.0,-68.0,62.0,360.0,62.0,120.0,-119.0,165.0,522.0,-33.0,-2.0,61.0,331.0,-54.0,-6.0,-13.0,1221.0,-1283.0,-10.0,-30.0,-67.0,-1087.0
9,2016-49,2865,-526.0,-722.0,-58.0,90.0,-83.0,488.0,-269.0,-18.0,163.0,-186.0,-214.0,198.0,-84.0,-149.0,-103.0,-152.0,15.0,36.0,-624.0,15.0,81.0,-123.0,342.0,100.0,-53.0,-107.0,124.0,285.0,34.0,99.0,-170.0,245.0,167.0,-68.0,62.0,360.0,62.0,120.0,-119.0,165.0,522.0,-33.0,-2.0,61.0,331.0,-54.0,-6.0,-13.0,1221.0,-1283.0,-10.0,-30.0,-67.0
9,2016-50,2877,12.0,-526.0,-722.0,-58.0,90.0,-83.0,488.0,-269.0,-18.0,163.0,-186.0,-214.0,198.0,-84.0,-149.0,-103.0,-152.0,15.0,36.0,-624.0,15.0,81.0,-123.0,342.0,100.0,-53.0,-107.0,124.0,285.0,34.0,99.0,-170.0,245.0,167.0,-68.0,62.0,360.0,62.0,120.0,-119.0,165.0,522.0,-33.0,-2.0,61.0,331.0,-54.0,-6.0,-13.0,1221.0,-1283.0,-10.0,-30.0
9,2016-51,2989,112.0,12.0,-526.0,-722.0,-58.0,90.0,-83.0,488.0,-269.0,-18.0,163.0,-186.0,-214.0,198.0,-84.0,-149.0,-103.0,-152.0,15.0,36.0,-624.0,15.0,81.0,-123.0,342.0,100.0,-53.0,-107.0,124.0,285.0,34.0,99.0,-170.0,245.0,167.0,-68.0,62.0,360.0,62.0,120.0,-119.0,165.0,522.0,-33.0,-2.0,61.0,331.0,-54.0,-6.0,-13.0,1221.0,-1283.0,-10.0
9,2016-52,2379,-610.0,112.0,12.0,-526.0,-722.0,-58.0,90.0,-83.0,488.0,-269.0,-18.0,163.0,-186.0,-214.0,198.0,-84.0,-149.0,-103.0,-152.0,15.0,36.0,-624.0,15.0,81.0,-123.0,342.0,100.0,-53.0,-107.0,124.0,285.0,34.0,99.0,-170.0,245.0,167.0,-68.0,62.0,360.0,62.0,120.0,-119.0,165.0,522.0,-33.0,-2.0,61.0,331.0,-54.0,-6.0,-13.0,1221.0,-1283.0
9,2016-53,1176,-1203.0,-610.0,112.0,12.0,-526.0,-722.0,-58.0,90.0,-83.0,488.0,-269.0,-18.0,163.0,-186.0,-214.0,198.0,-84.0,-149.0,-103.0,-152.0,15.0,36.0,-624.0,15.0,81.0,-123.0,342.0,100.0,-53.0,-107.0,124.0,285.0,34.0,99.0,-170.0,245.0,167.0,-68.0,62.0,360.0,62.0,120.0,-119.0,165.0,522.0,-33.0,-2.0,61.0,331.0,-54.0,-6.0,-13.0,1221.0
9,2017-01,2744,1568.0,-1203.0,-610.0,112.0,12.0,-526.0,-722.0,-58.0,90.0,-83.0,488.0,-269.0,-18.0,163.0,-186.0,-214.0,198.0,-84.0,-149.0,-103.0,-152.0,15.0,36.0,-624.0,15.0,81.0,-123.0,342.0,100.0,-53.0,-107.0,124.0,285.0,34.0,99.0,-170.0,245.0,167.0,-68.0,62.0,360.0,62.0,120.0,-119.0,165.0,522.0,-33.0,-2.0,61.0,331.0,-54.0,-6.0,-13.0
9,2017-02,2741,-3.0,1568.0,-1203.0,-610.0,112.0,12.0,-526.0,-722.0,-58.0,90.0,-83.0,488.0,-269.0,-18.0,163.0,-186.0,-214.0,198.0,-84.0,-149.0,-103.0,-152.0,15.0,36.0,-624.0,15.0,81.0,-123.0,342.0,100.0,-53.0,-107.0,124.0,285.0,34.0,99.0,-170.0,245.0,167.0,-68.0,62.0,360.0,62.0,120.0,-119.0,165.0,522.0,-33.0,-2.0,61.0,331.0,-54.0,-6.0
9,2017-03,2878,137.0,-3.0,1568.0,-1203.0,-610.0,112.0,12.0,-526.0,-722.0,-58.0,90.0,-83.0,488.0,-269.0,-18.0,163.0,-186.0,-214.0,198.0,-84.0,-149.0,-103.0,-152.0,15.0,36.0,-624.0,15.0,81.0,-123.0,342.0,100.0,-53.0,-107.0,124.0,285.0,34.0,99.0,-170.0,245.0,167.0,-68.0,62.0,360.0,62.0,120.0,-119.0,165.0,522.0,-33.0,-2.0,61.0,331.0,-54.0
9,2017-04,2795,-83.0,137.0,-3.0,1568.0,-1203.0,-610.0,112.0,12.0,-526.0,-722.0,-58.0,90.0,-83.0,488.0,-269.0,-18.0,163.0,-186.0,-214.0,198.0,-84.0,-149.0,-103.0,-152.0,15.0,36.0,-624.0,15.0,81.0,-123.0,342.0,100.0,-53.0,-107.0,124.0,285.0,34.0,99.0,-170.0,245.0,167.0,-68.0,62.0,360.0,62.0,120.0,-119.0,165.0,522.0,-33.0,-2.0,61.0,331.0
9,2017-05,2957,162.0,-83.0,137.0,-3.0,1568.0,-1203.0,-610.0,112.0,12.0,-526.0,-722.0,-58.0,90.0,-83.0,488.0,-269.0,-18.0,163.0,-186.0,-214.0,198.0,-84.0,-149.0,-103.0,-152.0,15.0,36.0,-624.0,15.0,81.0,-123.0,342.0,100.0,-53.0,-107.0,124.0,285.0,34.0,99.0,-170.0,245.0,167.0,-68.0,62.0,360.0,62.0,120.0,-119.0,165.0,522.0,-33.0,-2.0,61.0
9,2017-06,3127,170.0,162.0,-83.0,137.0,-3.0,1568.0,-1203.0,-610.0,112.0,12.0,-526.0,-722.0,-58.0,90.0,-83.0,488.0,-269.0,-18.0,163.0,-186.0,-214.0,198.0,-84.0,-149.0,-103.0,-152.0,15.0,36.0,-624.0,15.0,81.0,-123.0,342.0,100.0,-53.0,-107.0,124.0,285.0,34.0,99.0,-170.0,245.0,167.0,-68.0,62.0,360.0,62.0,120.0,-119.0,165.0,522.0,-33.0,-2.0
9,2017-07,3139,12.0,170.0,162.0,-83.0,137.0,-3.0,1568.0,-1203.0,-610.0,112.0,12.0,-526.0,-722.0,-58.0,90.0,-83.0,488.0,-269.0,-18.0,163.0,-186.0,-214.0,198.0,-84.0,-149.0,-103.0,-152.0,15.0,36.0,-624.0,15.0,81.0,-123.0,342.0,100.0,-53.0,-107.0,124.0,285.0,34.0,99.0,-170.0,245.0,167.0,-68.0,62.0,360.0,62.0,120.0,-119.0,165.0,522.0,-33.0
9,2017-08,3099,-40.0,12.0,170.0,162.0,-83.0,137.0,-3.0,1568.0,-1203.0,-610.0,112.0,12.0,-526.0,-722.0,-58.0,90.0,-83.0,488.0,-269.0,-18.0,163.0,-186.0,-214.0,198.0,-84.0,-149.0,-103.0,-152.0,15.0,36.0,-624.0,15.0,81.0,-123.0,342.0,100.0,-53.0,-107.0,124.0,285.0,34.0,99.0,-170.0,245.0,167.0,-68.0,62.0,360.0,62.0,120.0,-119.0,165.0,522.0
9,2017-09,3529,430.0,-40.0,12.0,170.0,162.0,-83.0,137.0,-3.0,1568.0,-1203.0,-610.0,112.0,12.0,-526.0,-722.0,-58.0,90.0,-83.0,488.0,-269.0,-18.0,163.0,-186.0,-214.0,198.0,-84.0,-149.0,-103.0,-152.0,15.0,36.0,-624.0,15.0,81.0,-123.0,342.0,100.0,-53.0,-107.0,124.0,285.0,34.0,99.0,-170.0,245.0,167.0,-68.0,62.0,360.0,62.0,120.0,-119.0,165.0
9,2017-10,3692,163.0,430.0,-40.0,12.0,170.0,162.0,-83.0,137.0,-3.0,1568.0,-1203.0,-610.0,112.0,12.0,-526.0,-722.0,-58.0,90.0,-83.0,488.0,-269.0,-18.0,163.0,-186.0,-214.0,198.0,-84.0,-149.0,-103.0,-152.0,15.0,36.0,-624.0,15.0,81.0,-123.0,342.0,100.0,-53.0,-107.0,124.0,285.0,34.0,99.0,-170.0,245.0,167.0,-68.0,62.0,360.0,62.0,120.0,-119.0
9,2017-11,3713,21.0,163.0,430.0,-40.0,12.0,170.0,162.0,-83.0,137.0,-3.0,1568.0,-1203.0,-610.0,112.0,12.0,-526.0,-722.0,-58.0,90.0,-83.0,488.0,-269.0,-18.0,163.0,-186.0,-214.0,198.0,-84.0,-149.0,-103.0,-152.0,15.0,36.0,-624.0,15.0,81.0,-123.0,342.0,100.0,-53.0,-107.0,124.0,285.0,34.0,99.0,-170.0,245.0,167.0,-68.0,62.0,360.0,62.0,120.0
9,2017-12,3764,51.0,21.0,163.0,430.0,-40.0,12.0,170.0,162.0,-83.0,137.0,-3.0,1568.0,-1203.0,-610.0,112.0,12.0,-526.0,-722.0,-58.0,90.0,-83.0,488.0,-269.0,-18.0,163.0,-186.0,-214.0,198.0,-84.0,-149.0,-103.0,-152.0,15.0,36.0,-624.0,15.0,81.0,-123.0,342.0,100.0,-53.0,-107.0,124.0,285.0,34.0,99.0,-170.0,245.0,167.0,-68.0,62.0,360.0,62.0
9,2017-13,3941,177.0,51.0,21.0,163.0,430.0,-40.0,12.0,170.0,162.0,-83.0,137.0,-3.0,1568.0,-1203.0,-610.0,112.0,12.0,-526.0,-722.0,-58.0,90.0,-83.0,488.0,-269.0,-18.0,163.0,-186.0,-214.0,198.0,-84.0,-149.0,-103.0,-152.0,15.0,36.0,-624.0,15.0,81.0,-123.0,342.0,100.0,-53.0,-107.0,124.0,285.0,34.0,99.0,-170.0,245.0,167.0,-68.0,62.0,360.0
9,2017-14,4132,191.0,177.0,51.0,21.0,163.0,430.0,-40.0,12.0,170.0,162.0,-83.0,137.0,-3.0,1568.0,-1203.0,-610.0,112.0,12.0,-526.0,-722.0,-58.0,90.0,-83.0,488.0,-269.0,-18.0,163.0,-186.0,-214.0,198.0,-84.0,-149.0,-103.0,-152.0,15.0,36.0,-624.0,15.0,81.0,-123.0,342.0,100.0,-53.0,-107.0,124.0,285.0,34.0,99.0,-170.0,245.0,167.0,-68.0,62.0
9,2017-15,4313,181.0,191.0,177.0,51.0,21.0,163.0,430.0,-40.0,12.0,170.0,162.0,-83.0,137.0,-3.0,1568.0,-1203.0,-610.0,112.0,12.0,-526.0,-722.0,-58.0,90.0,-83.0,488.0,-269.0,-18.0,163.0,-186.0,-214.0,198.0,-84.0,-149.0,-103.0,-152.0,15.0,36.0,-624.0,15.0,81.0,-123.0,342.0,100.0,-53.0,-107.0,124.0,285.0,34.0,99.0,-170.0,245.0,167.0,-68.0
9,2017-16,4276,-37.0,181.0,191.0,177.0,51.0,21.0,163.0,430.0,-40.0,12.0,170.0,162.0,-83.0,137.0,-3.0,1568.0,-1203.0,-610.0,112.0,12.0,-526.0,-722.0,-58.0,90.0,-83.0,488.0,-269.0,-18.0,163.0,-186.0,-214.0,198.0,-84.0,-149.0,-103.0,-152.0,15.0,36.0,-624.0,15.0,81.0,-123.0,342.0,100.0,-53.0,-107.0,124.0,285.0,34.0,99.0,-170.0,245.0,167.0
9,2017-17,4264,-12.0,-37.0,181.0,191.0,177.0,51.0,21.0,163.0,430.0,-40.0,12.0,170.0,162.0,-83.0,137.0,-3.0,1568.0,-1203.0,-610.0,112.0,12.0,-526.0,-722.0,-58.0,90.0,-83.0,488.0,-269.0,-18.0,163.0,-186.0,-214.0,198.0,-84.0,-149.0,-103.0,-152.0,15.0,36.0,-624.0,15.0,81.0,-123.0,342.0,100.0,-53.0,-107.0,124.0,285.0,34.0,99.0,-170.0,245.0
9,2017-18,4623,359.0,-12.0,-37.0,181.0,191.0,177.0,51.0,21.0,163.0,430.0,-40.0,12.0,170.0,162.0,-83.0,137.0,-3.0,1568.0,-1203.0,-610.0,112.0,12.0,-526.0,-722.0,-58.0,90.0,-83.0,488.0,-269.0,-18.0,163.0,-186.0,-214.0,198.0,-84.0,-149.0,-103.0,-152.0,15.0,36.0,-624.0,15.0,81.0,-123.0,342.0,100.0,-53.0,-107.0,124.0,285.0,34.0,99.0,-170.0
9,2017-19,4531,-92.0,359.0,-12.0,-37.0,181.0,191.0,177.0,51.0,21.0,163.0,430.0,-40.0,12.0,170.0,162.0,-83.0,137.0,-3.0,1568.0,-1203.0,-610.0,112.0,12.0,-526.0,-722.0,-58.0,90.0,-83.0,488.0,-269.0,-18.0,163.0,-186.0,-214.0,198.0,-84.0,-149.0,-103.0,-152.0,15.0,36.0,-624.0,15.0,81.0,-123.0,342.0,100.0,-53.0,-107.0,124.0,285.0,34.0,99.0
9,2017-20,4480,-51.0,-92.0,359.0,-12.0,-37.0,181.0,191.0,177.0,51.0,21.0,163.0,430.0,-40.0,12.0,170.0,162.0,-83.0,137.0,-3.0,1568.0,-1203.0,-610.0,112.0,12.0,-526.0,-722.0,-58.0,90.0,-83.0,488.0,-269.0,-18.0,163.0,-186.0,-214.0,198.0,-84.0,-149.0,-103.0,-152.0,15.0,36.0,-624.0,15.0,81.0,-123.0,342.0,100.0,-53.0,-107.0,124.0,285.0,34.0
9,2017-21,4505,25.0,-51.0,-92.0,359.0,-12.0,-37.0,181.0,191.0,177.0,51.0,21.0,163.0,430.0,-40.0,12.0,170.0,162.0,-83.0,137.0,-3.0,1568.0,-1203.0,-610.0,112.0,12.0,-526.0,-722.0,-58.0,90.0,-83.0,488.0,-269.0,-18.0,163.0,-186.0,-214.0,198.0,-84.0,-149.0,-103.0,-152.0,15.0,36.0,-624.0,15.0,81.0,-123.0,342.0,100.0,-53.0,-107.0,124.0,285.0
9,2017-22,4793,288.0,25.0,-51.0,-92.0,359.0,-12.0,-37.0,181.0,191.0,177.0,51.0,21.0,163.0,430.0,-40.0,12.0,170.0,162.0,-83.0,137.0,-3.0,1568.0,-1203.0,-610.0,112.0,12.0,-526.0,-722.0,-58.0,90.0,-83.0,488.0,-269.0,-18.0,163.0,-186.0,-214.0,198.0,-84.0,-149.0,-103.0,-152.0,15.0,36.0,-624.0,15.0,81.0,-123.0,342.0,100.0,-53.0,-107.0,124.0
9,2017-23,4799,6.0,288.0,25.0,-51.0,-92.0,359.0,-12.0,-37.0,181.0,191.0,177.0,51.0,21.0,163.0,430.0,-40.0,12.0,170.0,162.0,-83.0,137.0,-3.0,1568.0,-1203.0,-610.0,112.0,12.0,-526.0,-722.0,-58.0,90.0,-83.0,488.0,-269.0,-18.0,163.0,-186.0,-214.0,198.0,-84.0,-149.0,-103.0,-152.0,15.0,36.0,-624.0,15.0,81.0,-123.0,342.0,100.0,-53.0,-107.0
9,2017-24,4943,144.0,6.0,288.0,25.0,-51.0,-92.0,359.0,-12.0,-37.0,181.0,191.0,177.0,51.0,21.0,163.0,430.0,-40.0,12.0,170.0,162.0,-83.0,137.0,-3.0,1568.0,-1203.0,-610.0,112.0,12.0,-526.0,-722.0,-58.0,90.0,-83.0,488.0,-269.0,-18.0,163.0,-186.0,-214.0,198.0,-84.0,-149.0,-103.0,-152.0,15.0,36.0,-624.0,15.0,81.0,-123.0,342.0,100.0,-53.0
9,2017-25,4782,-161.0,144.0,6.0,288.0,25.0,-51.0,-92.0,359.0,-12.0,-37.0,181.0,191.0,177.0,51.0,21.0,163.0,430.0,-40.0,12.0,170.0,162.0,-83.0,137.0,-3.0,1568.0,-1203.0,-610.0,112.0,12.0,-526.0,-722.0,-58.0,90.0,-83.0,488.0,-269.0,-18.0,163.0,-186.0,-214.0,198.0,-84.0,-149.0,-103.0,-152.0,15.0,36.0,-624.0,15.0,81.0,-123.0,342.0,100.0
9,2017-26,4935,153.0,-161.0,144.0,6.0,288.0,25.0,-51.0,-92.0,359.0,-12.0,-37.0,181.0,191.0,177.0,51.0,21.0,163.0,430.0,-40.0,12.0,170.0,162.0,-83.0,137.0,-3.0,1568.0,-1203.0,-610.0,112.0,12.0,-526.0,-722.0,-58.0,90.0,-83.0,488.0,-269.0,-18.0,163.0,-186.0,-214.0,198.0,-84.0,-149.0,-103.0,-152.0,15.0,36.0,-624.0,15.0,81.0,-123.0,342.0
9,2017-27,5166,231.0,153.0,-161.0,144.0,6.0,288.0,25.0,-51.0,-92.0,359.0,-12.0,-37.0,181.0,191.0,177.0,51.0,21.0,163.0,430.0,-40.0,12.0,170.0,162.0,-83.0,137.0,-3.0,1568.0,-1203.0,-610.0,112.0,12.0,-526.0,-722.0,-58.0,90.0,-83.0,488.0,-269.0,-18.0,163.0,-186.0,-214.0,198.0,-84.0,-149.0,-103.0,-152.0,15.0,36.0,-624.0,15.0,81.0,-123.0
9,2017-28,5170,4.0,231.0,153.0,-161.0,144.0,6.0,288.0,25.0,-51.0,-92.0,359.0,-12.0,-37.0,181.0,191.0,177.0,51.0,21.0,163.0,430.0,-40.0,12.0,170.0,162.0,-83.0,137.0,-3.0,1568.0,-1203.0,-610.0,112.0,12.0,-526.0,-722.0,-58.0,90.0,-83.0,488.0,-269.0,-18.0,163.0,-186.0,-214.0,198.0,-84.0,-149.0,-103.0,-152.0,15.0,36.0,-624.0,15.0,81.0
9,2017-29,5079,-91.0,4.0,231.0,153.0,-161.0,144.0,6.0,288.0,25.0,-51.0,-92.0,359.0,-12.0,-37.0,181.0,191.0,177.0,51.0,21.0,163.0,430.0,-40.0,12.0,170.0,162.0,-83.0,137.0,-3.0,1568.0,-1203.0,-610.0,112.0,12.0,-526.0,-722.0,-58.0,90.0,-83.0,488.0,-269.0,-18.0,163.0,-186.0,-214.0,198.0,-84.0,-149.0,-103.0,-152.0,15.0,36.0,-624.0,15.0
9,2017-30,5187,108.0,-91.0,4.0,231.0,153.0,-161.0,144.0,6.0,288.0,25.0,-51.0,-92.0,359.0,-12.0,-37.0,181.0,191.0,177.0,51.0,21.0,163.0,430.0,-40.0,12.0,170.0,162.0,-83.0,137.0,-3.0,1568.0,-1203.0,-610.0,112.0,12.0,-526.0,-722.0,-58.0,90.0,-83.0,488.0,-269.0,-18.0,163.0,-186.0,-214.0,198.0,-84.0,-149.0,-103.0,-152.0,15.0,36.0,-624.0
9,2017-31,4592,-595.0,108.0,-91.0,4.0,231.0,153.0,-161.0,144.0,6.0,288.0,25.0,-51.0,-92.0,359.0,-12.0,-37.0,181.0,191.0,177.0,51.0,21.0,163.0,430.0,-40.0,12.0,170.0,162.0,-83.0,137.0,-3.0,1568.0,-1203.0,-610.0,112.0,12.0,-526.0,-722.0,-58.0,90.0,-83.0,488.0,-269.0,-18.0,163.0,-186.0,-214.0,198.0,-84.0,-149.0,-103.0,-152.0,15.0,36.0
9,2017-32,4587,-5.0,-595.0,108.0,-91.0,4.0,231.0,153.0,-161.0,144.0,6.0,288.0,25.0,-51.0,-92.0,359.0,-12.0,-37.0,181.0,191.0,177.0,51.0,21.0,163.0,430.0,-40.0,12.0,170.0,162.0,-83.0,137.0,-3.0,1568.0,-1203.0,-610.0,112.0,12.0,-526.0,-722.0,-58.0,90.0,-83.0,488.0,-269.0,-18.0,163.0,-186.0,-214.0,198.0,-84.0,-149.0,-103.0,-152.0,15.0
9,2017-33,4612,25.0,-5.0,-595.0,108.0,-91.0,4.0,231.0,153.0,-161.0,144.0,6.0,288.0,25.0,-51.0,-92.0,359.0,-12.0,-37.0,181.0,191.0,177.0,51.0,21.0,163.0,430.0,-40.0,12.0,170.0,162.0,-83.0,137.0,-3.0,1568.0,-1203.0,-610.0,112.0,12.0,-526.0,-722.0,-58.0,90.0,-83.0,488.0,-269.0,-18.0,163.0,-186.0,-214.0,198.0,-84.0,-149.0,-103.0,-152.0
9,2017-34,4763,151.0,25.0,-5.0,-595.0,108.0,-91.0,4.0,231.0,153.0,-161.0,144.0,6.0,288.0,25.0,-51.0,-92.0,359.0,-12.0,-37.0,181.0,191.0,177.0,51.0,21.0,163.0,430.0,-40.0,12.0,170.0,162.0,-83.0,137.0,-3.0,1568.0,-1203.0,-610.0,112.0,12.0,-526.0,-722.0,-58.0,90.0,-83.0,488.0,-269.0,-18.0,163.0,-186.0,-214.0,198.0,-84.0,-149.0,-103.0
9,2017-35,4410,-353.0,151.0,25.0,-5.0,-595.0,108.0,-91.0,4.0,231.0,153.0,-161.0,144.0,6.0,288.0,25.0,-51.0,-92.0,359.0,-12.0,-37.0,181.0,191.0,177.0,51.0,21.0,163.0,430.0,-40.0,12.0,170.0,162.0,-83.0,137.0,-3.0,1568.0,-1203.0,-610.0,112.0,12.0,-526.0,-722.0,-58.0,90.0,-83.0,488.0,-269.0,-18.0,163.0,-186.0,-214.0,198.0,-84.0,-149.0
9,2017-36,4300,-110.0,-353.0,151.0,25.0,-5.0,-595.0,108.0,-91.0,4.0,231.0,153.0,-161.0,144.0,6.0,288.0,25.0,-51.0,-92.0,359.0,-12.0,-37.0,181.0,191.0,177.0,51.0,21.0,163.0,430.0,-40.0,12.0,170.0,162.0,-83.0,137.0,-3.0,1568.0,-1203.0,-610.0,112.0,12.0,-526.0,-722.0,-58.0,90.0,-83.0,488.0,-269.0,-18.0,163.0,-186.0,-214.0,198.0,-84.0
9,2017-37,4267,-33.0,-110.0,-353.0,151.0,25.0,-5.0,-595.0,108.0,-91.0,4.0,231.0,153.0,-161.0,144.0,6.0,288.0,25.0,-51.0,-92.0,359.0,-12.0,-37.0,181.0,191.0,177.0,51.0,21.0,163.0,430.0,-40.0,12.0,170.0,162.0,-83.0,137.0,-3.0,1568.0,-1203.0,-610.0,112.0,12.0,-526.0,-722.0,-58.0,90.0,-83.0,488.0,-269.0,-18.0,163.0,-186.0,-214.0,198.0
9,2017-38,4138,-129.0,-33.0,-110.0,-353.0,151.0,25.0,-5.0,-595.0,108.0,-91.0,4.0,231.0,153.0,-161.0,144.0,6.0,288.0,25.0,-51.0,-92.0,359.0,-12.0,-37.0,181.0,191.0,177.0,51.0,21.0,163.0,430.0,-40.0,12.0,170.0,162.0,-83.0,137.0,-3.0,1568.0,-1203.0,-610.0,112.0,12.0,-526.0,-722.0,-58.0,90.0,-83.0,488.0,-269.0,-18.0,163.0,-186.0,-214.0
9,2017-39,4112,-26.0,-129.0,-33.0,-110.0,-353.0,151.0,25.0,-5.0,-595.0,108.0,-91.0,4.0,231.0,153.0,-161.0,144.0,6.0,288.0,25.0,-51.0,-92.0,359.0,-12.0,-37.0,181.0,191.0,177.0,51.0,21.0,163.0,430.0,-40.0,12.0,170.0,162.0,-83.0,137.0,-3.0,1568.0,-1203.0,-610.0,112.0,12.0,-526.0,-722.0,-58.0,90.0,-83.0,488.0,-269.0,-18.0,163.0,-186.0
9,2017-40,3927,-185.0,-26.0,-129.0,-33.0,-110.0,-353.0,151.0,25.0,-5.0,-595.0,108.0,-91.0,4.0,231.0,153.0,-161.0,144.0,6.0,288.0,25.0,-51.0,-92.0,359.0,-12.0,-37.0,181.0,191.0,177.0,51.0,21.0,163.0,430.0,-40.0,12.0,170.0,162.0,-83.0,137.0,-3.0,1568.0,-1203.0,-610.0,112.0,12.0,-526.0,-722.0,-58.0,90.0,-83.0,488.0,-269.0,-18.0,163.0
9,2017-41,3864,-63.0,-185.0,-26.0,-129.0,-33.0,-110.0,-353.0,151.0,25.0,-5.0,-595.0,108.0,-91.0,4.0,231.0,153.0,-161.0,144.0,6.0,288.0,25.0,-51.0,-92.0,359.0,-12.0,-37.0,181.0,191.0,177.0,51.0,21.0,163.0,430.0,-40.0,12.0,170.0,162.0,-83.0,137.0,-3.0,1568.0,-1203.0,-610.0,112.0,12.0,-526.0,-722.0,-58.0,90.0,-83.0,488.0,-269.0,-18.0
9,2017-42,3874,10.0,-63.0,-185.0,-26.0,-129.0,-33.0,-110.0,-353.0,151.0,25.0,-5.0,-595.0,108.0,-91.0,4.0,231.0,153.0,-161.0,144.0,6.0,288.0,25.0,-51.0,-92.0,359.0,-12.0,-37.0,181.0,191.0,177.0,51.0,21.0,163.0,430.0,-40.0,12.0,170.0,162.0,-83.0,137.0,-3.0,1568.0,-1203.0,-610.0,112.0,12.0,-526.0,-722.0,-58.0,90.0,-83.0,488.0,-269.0
9,2017-43,3909,35.0,10.0,-63.0,-185.0,-26.0,-129.0,-33.0,-110.0,-353.0,151.0,25.0,-5.0,-595.0,108.0,-91.0,4.0,231.0,153.0,-161.0,144.0,6.0,288.0,25.0,-51.0,-92.0,359.0,-12.0,-37.0,181.0,191.0,177.0,51.0,21.0,163.0,430.0,-40.0,12.0,170.0,162.0,-83.0,137.0,-3.0,1568.0,-1203.0,-610.0,112.0,12.0,-526.0,-722.0,-58.0,90.0,-83.0,488.0
9,2017-44,4208,299.0,35.0,10.0,-63.0,-185.0,-26.0,-129.0,-33.0,-110.0,-353.0,151.0,25.0,-5.0,-595.0,108.0,-91.0,4.0,231.0,153.0,-161.0,144.0,6.0,288.0,25.0,-51.0,-92.0,359.0,-12.0,-37.0,181.0,191.0,177.0,51.0,21.0,163.0,430.0,-40.0,12.0,170.0,162.0,-83.0,137.0,-3.0,1568.0,-1203.0,-610.0,112.0,12.0,-526.0,-722.0,-58.0,90.0,-83.0
9,2017-45,4325,117.0,299.0,35.0,10.0,-63.0,-185.0,-26.0,-129.0,-33.0,-110.0,-353.0,151.0,25.0,-5.0,-595.0,108.0,-91.0,4.0,231.0,153.0,-161.0,144.0,6.0,288.0,25.0,-51.0,-92.0,359.0,-12.0,-37.0,181.0,191.0,177.0,51.0,21.0,163.0,430.0,-40.0,12.0,170.0,162.0,-83.0,137.0,-3.0,1568.0,-1203.0,-610.0,112.0,12.0,-526.0,-722.0,-58.0,90.0
9,2017-46,4278,-47.0,117.0,299.0,35.0,10.0,-63.0,-185.0,-26.0,-129.0,-33.0,-110.0,-353.0,151.0,25.0,-5.0,-595.0,108.0,-91.0,4.0,231.0,153.0,-161.0,144.0,6.0,288.0,25.0,-51.0,-92.0,359.0,-12.0,-37.0,181.0,191.0,177.0,51.0,21.0,163.0,430.0,-40.0,12.0,170.0,162.0,-83.0,137.0,-3.0,1568.0,-1203.0,-610.0,112.0,12.0,-526.0,-722.0,-58.0
9,2017-47,4155,-123.0,-47.0,117.0,299.0,35.0,10.0,-63.0,-185.0,-26.0,-129.0,-33.0,-110.0,-353.0,151.0,25.0,-5.0,-595.0,108.0,-91.0,4.0,231.0,153.0,-161.0,144.0,6.0,288.0,25.0,-51.0,-92.0,359.0,-12.0,-37.0,181.0,191.0,177.0,51.0,21.0,163.0,430.0,-40.0,12.0,170.0,162.0,-83.0,137.0,-3.0,1568.0,-1203.0,-610.0,112.0,12.0,-526.0,-722.0
9,2017-48,3706,-449.0,-123.0,-47.0,117.0,299.0,35.0,10.0,-63.0,-185.0,-26.0,-129.0,-33.0,-110.0,-353.0,151.0,25.0,-5.0,-595.0,108.0,-91.0,4.0,231.0,153.0,-161.0,144.0,6.0,288.0,25.0,-51.0,-92.0,359.0,-12.0,-37.0,181.0,191.0,177.0,51.0,21.0,163.0,430.0,-40.0,12.0,170.0,162.0,-83.0,137.0,-3.0,1568.0,-1203.0,-610.0,112.0,12.0,-526.0
9,2017-49,2992,-714.0,-449.0,-123.0,-47.0,117.0,299.0,35.0,10.0,-63.0,-185.0,-26.0,-129.0,-33.0,-110.0,-353.0,151.0,25.0,-5.0,-595.0,108.0,-91.0,4.0,231.0,153.0,-161.0,144.0,6.0,288.0,25.0,-51.0,-92.0,359.0,-12.0,-37.0,181.0,191.0,177.0,51.0,21.0,163.0,430.0,-40.0,12.0,170.0,162.0,-83.0,137.0,-3.0,1568.0,-1203.0,-610.0,112.0,12.0
9,2017-50,3065,73.0,-714.0,-449.0,-123.0,-47.0,117.0,299.0,35.0,10.0,-63.0,-185.0,-26.0,-129.0,-33.0,-110.0,-353.0,151.0,25.0,-5.0,-595.0,108.0,-91.0,4.0,231.0,153.0,-161.0,144.0,6.0,288.0,25.0,-51.0,-92.0,359.0,-12.0,-37.0,181.0,191.0,177.0,51.0,21.0,163.0,430.0,-40.0,12.0,170.0,162.0,-83.0,137.0,-3.0,1568.0,-1203.0,-610.0,112.0
9,2017-51,2947,-118.0,73.0,-714.0,-449.0,-123.0,-47.0,117.0,299.0,35.0,10.0,-63.0,-185.0,-26.0,-129.0,-33.0,-110.0,-353.0,151.0,25.0,-5.0,-595.0,108.0,-91.0,4.0,231.0,153.0,-161.0,144.0,6.0,288.0,25.0,-51.0,-92.0,359.0,-12.0,-37.0,181.0,191.0,177.0,51.0,21.0,163.0,430.0,-40.0,12.0,170.0,162.0,-83.0,137.0,-3.0,1568.0,-1203.0,-610.0
9,2017-52,3569,622.0,-118.0,73.0,-714.0,-449.0,-123.0,-47.0,117.0,299.0,35.0,10.0,-63.0,-185.0,-26.0,-129.0,-33.0,-110.0,-353.0,151.0,25.0,-5.0,-595.0,108.0,-91.0,4.0,231.0,153.0,-161.0,144.0,6.0,288.0,25.0,-51.0,-92.0,359.0,-12.0,-37.0,181.0,191.0,177.0,51.0,21.0,163.0,430.0,-40.0,12.0,170.0,162.0,-83.0,137.0,-3.0,1568.0,-1203.0
