item,date,sales,sales_diff,lag_1,lag_2,lag_3,lag_4,lag_5,lag_6,lag_7,lag_8,lag_9,lag_10,lag_11,lag_12,lag_13,lag_14,lag_15,lag_16,lag_17,lag_18,lag_19,lag_20,lag_21,lag_22,lag_23,lag_24,lag_25,lag_26,lag_27,lag_28,lag_29,lag_30,lag_31,lag_32,lag_33,lag_34,lag_35,lag_36,lag_37,lag_38,lag_39,lag_40,lag_41,lag_42,lag_43,lag_44,lag_45,lag_46,lag_47,lag_48,lag_49,lag_50,lag_51,lag_52
6,2014-02,2582,-570.0,551.0,35.0,62.0,-50.0,-907.0,-196.0,72.0,-32.0,99.0,109.0,68.0,-85.0,100.0,-264.0,84.0,-91.0,-69.0,-184.0,24.0,-59.0,100.0,-306.0,-221.0,-76.0,-48.0,53.0,229.0,83.0,-115.0,-57.0,179.0,262.0,70.0,-69.0,5.0,202.0,18.0,-141.0,185.0,440.0,-27.0,117.0,-126.0,276.0,185.0,129.0,-39.0,148.0,139.0,-19.0,29.0,-311.0
6,2014-03,2686,104.0,-570.0,551.0,35.0,62.0,-50.0,-907.0,-196.0,72.0,-32.0,99.0,109.0,68.0,-85.0,100.0,-264.0,84.0,-91.0,-69.0,-184.0,24.0,-59.0,100.0,-306.0,-221.0,-76.0,-48.0,53.0,229.0,83.0,-115.0,-57.0,179.0,262.0,70.0,-69.0,5.0,202.0,18.0,-141.0,185.0,440.0,-27.0,117.0,-126.0,276.0,185.0,129.0,-39.0,148.0,139.0,-19.0,29.0
6,2014-04,2584,-102.0,104.0,-570.0,551.0,35.0,62.0,-50.0,-907.0,-196.0,72.0,-32.0,99.0,109.0,68.0,-85.0,100.0,-264.0,84.0,-91.0,-69.0,-184.0,24.0,-59.0,100.0,-306.0,-221.0,-76.0,-48.0,53.0,229.0,83.0,-115.0,-57.0,179.0,262.0,70.0,-69.0,5.0,202.0,18.0,-141.0,185.0,440.0,-27.0,117.0,-126.0,276.0,185.0,129.0,-39.0,148.0,139.0,-19.0
6,2014-05,2776,192.0,-102.0,104.0,-570.0,551.0,35.0,62.0,-50.0,-907.0,-196.0,72.0,-32.0,99.0,109.0,68.0,-85.0,100.0,-264.0,84.0,-91.0,-69.0,-184.0,24.0,-59.0,100.0,-306.0,-221.0,-76.0,-48.0,53.0,229.0,83.0,-115.0,-57.0,179.0,262.0,70.0,-69.0,5.0,202.0,18.0,-141.0,185.0,440.0,-27.0,117.0,-126.0,276.0,185.0,129.0,-39.0,148.0,139.0
6,2014-06,2993,217.0,192.0,-102.0,104.0,-570.0,551.0,35.0,62.0,-50.0,-907.0,-196.0,72.0,-32.0,99.0,109.0,68.0,-85.0,100.0,-264.0,84.0,-91.0,-69.0,-184.0,24.0,-59.0,100.0,-306.0,-221.0,-76.0,-48.0,53.0,229.0,83.0,-115.0,-57.0,179.0,262.0,70.0,-69.0,5.0,202.0,18.0,-141.0,185.0,440.0,-27.0,117.0,-126.0,276.0,185.0,129.0,-39.0,148.0
6,2014-07,2818,-175.0,217.0,192.0,-102.0,104.0,-570.0,551.0,35.0,62.0,-50.0,-907.0,-196.0,72.0,-32.0,99.0,109.0,68.0,-85.0,100.0,-264.0,84.0,-91.0,-69.0,-184.0,24.0,-59.0,100.0,-306.0,-221.0,-76.0,-48.0,53.0,229.0,83.0,-115.0,-57.0,179.0,262.0,70.0,-69.0,5.0,202.0,18.0,-141.0,185.0,440.0,-27.0,117.0,-126.0,276.0,185.0,129.0,-39.0
6,2014-08,2916,98.0,-175.0,217.0,192.0,-102.0,104.0,-570.0,551.0,35.0,62.0,-50.0,-907.0,-196.0,72.0,-32.0,99.0,109.0,68.0,-85.0,100.0,-264.0,84.0,-91.0,-69.0,-184.0,24.0,-59.0,100.0,-306.0,-221.0,-76.0,-48.0,53.0,229.0,83.0,-115.0,-57.0,179.0,262.0,70.0,-69.0,5.0,202.0,18.0,-141.0,185.0,440.0,-27.0,117.0,-126.0,276.0,185.0,129.0
6,2014-09,3141,225.0,98.0,-175.0,217.0,192.0,-102.0,104.0,-570.0,551.0,35.0,62.0,-50.0,-907.0,-196.0,72.0,-32.0,99.0,109.0,68.0,-85.0,100.0,-264.0,84.0,-91.0,-69.0,-184.0,24.0,-59.0,100.0,-306.0,-221.0,-76.0,-48.0,53.0,229.0,83.0,-115.0,-57.0,179.0,262.0,70.0,-69.0,5.0,202.0,18.0,-141.0,185.0,440.0,-27.0,117.0,-126.0,276.0,185.0
6,2014-10,3637,496.0,225.0,98.0,-175.0,217.0,192.0,-102.0,104.0,-570.0,551.0,35.0,62.0,-50.0,-907.0,-196.0,72.0,-32.0,99.0,109.0,68.0,-85.0,100.0,-264.0,84.0,-91.0,-69.0,-184.0,24.0,-59.0,100.0,-306.0,-221.0,-76.0,-48.0,53.0,229.0,83.0,-115.0,-57.0,179.0,262.0,70.0,-69.0,5.0,202.0,18.0,-141.0,185.0,440.0,-27.0,117.0,-126.0,276.0
6,2014-11,3504,-133.0,496.0,225.0,98.0,-175.0,217.0,192.0,-102.0,104.0,-570.0,551.0,35.0,62.0,-50.0,-907.0,-196.0,72.0,-32.0,99.0,109.0,68.0,-85.0,100.0,-264.0,84.0,-91.0,-69.0,-184.0,24.0,-59.0,100.0,-306.0,-221.0,-76.0,-48.0,53.0,229.0,83.0,-115.0,-57.0,179.0,262.0,70.0,-69.0,5.0,202.0,18.0,-141.0,185.0,440.0,-27.0,117.0,-126.0
6,2014-12,3590,86.0,-133.0,496.0,225.0,98.0,-175.0,217.0,192.0,-102.0,104.0,-570.0,551.0,35.0,62.0,-50.0,-907.0,-196.0,72.0,-32.0,99.0,109.0,68.0,-85.0,100.0,-264.0,84.0,-91.0,-69.0,-184.0,24.0,-59.0,100.0,-306.0,-221.0,-76.0,-48.0,53.0,229.0,83.0,-115.0,-57.0,179.0,262.0,70.0,-69.0,5.0,202.0,18.0,-141.0,185.0,440.0,-27.0,117.0
6,2014-13,3586,-4.0,86.0,-133.0,496.0,225.0,98.0,-175.0,217.0,192.0,-102.0,104.0,-570.0,551.0,35.0,62.0,-50.0,-907.0,-196.0,72.0,-32.0,99.0,109.0,68.0,-85.0,100.0,-264.0,84.0,-91.0,-69.0,-184.0,24.0,-59.0,100.0,-306.0,-221.0,-76.0,-48.0,53.0,229.0,83.0,-115.0,-57.0,179.0,262.0,70.0,-69.0,5.0,202.0,18.0,-141.0,185.0,440.0,-27.0
6,2014-14,4054,468.0,-4.0,86.0,-133.0,496.0,225.0,98.0,-175.0,217.0,192.0,-102.0,104.0,-570.0,551.0,35.0,62.0,-50.0,-907.0,-196.0,72.0,-32.0,99.0,109.0,68.0,-85.0,100.0,-264.0,84.0,-91.0,-69.0,-184.0,24.0,-59.0,100.0,-306.0,-221.0,-76.0,-48.0,53.0,229.0,83.0,-115.0,-57.0,179.0,262.0,70.0,-69.0,5.0,202.0,18.0,-141.0,185.0,440.0
6,2014-15,4180,126.0,468.0,-4.0,86.0,-133.0,496.0,225.0,98.0,-175.0,217.0,192.0,-102.0,104.0,-570.0,551.0,35.0,62.0,-50.0,-907.0,-196.0,72.0,-32.0,99.0,109.0,68.0,-85.0,100.0,-264.0,84.0,-91.0,-69.0,-184.0,24.0,-59.0,100.0,-306.0,-221.0,-76.0,-48.0,53.0,229.0,83.0,-115.0,-57.0,179.0,262.0,70.0,-69.0,5.0,202.0,18.0,-141.0,185.0
6,2014-16,4238,58.0,126.0,468.0,-4.0,86.0,-133.0,496.0,225.0,98.0,-175.0,217.0,192.0,-102.0,104.0,-570.0,551.0,35.0,62.0,-50.0,-907.0,-196.0,72.0,-32.0,99.0,109.0,68.0,-85.0,100.0,-264.0,84.0,-91.0,-69.0,-184.0,24.0,-59.0,100.0,-306.0,-221.0,-76.0,-48.0,53.0,229.0,83.0,-115.0,-57.0,179.0,262.0,70.0,-69.0,5.0,202.0,18.0,-141.0
6,2014-17,4185,-53.0,58.0,126.0,468.0,-4.0,86.0,-133.0,496.0,225.0,98.0,-175.0,217.0,192.0,-102.0,104.0,-570.0,551.0,35.0,62.0,-50.0,-907.0,-196.0,72.0,-32.0,99.0,109.0,68.0,-85.0,100.0,-264.0,84.0,-91.0,-69.0,-184.0,24.0,-59.0,100.0,-306.0,-221.0,-76.0,-48.0,53.0,229.0,83.0,-115.0,-57.0,179.0,262.0,70.0,-69.0,5.0,202.0,18.0
6,2014-18,4458,273.0,-53.0,58.0,126.0,468.0,-4.0,86.0,-133.0,496.0,225.0,98.0,-175.0,217.0,192.0,-102.0,104.0,-570.0,551.0,35.0,62.0,-50.0,-907.0,-196.0,72.0,-32.0,99.0,109.0,68.0,-85.0,100.0,-264.0,84.0,-91.0,-69.0,-184.0,24.0,-59.0,100.0,-306.0,-221.0,-76.0,-48.0,53.0,229.0,83.0,-115.0,-57.0,179.0,262.0,70.0,-69.0,5.0,202.0
6,2014-19,4256,-202.0,273.0,-53.0,58.0,126.0,468.0,-4.0,86.0,-133.0,496.0,225.0,98.0,-175.0,217.0,192.0,-102.0,104.0,-570.0,551.0,35.0,62.0,-50.0,-907.0,-196.0,72.0,-32.0,99.0,109.0,68.0,-85.0,100.0,-264.0,84.0,-91.0,-69.0,-184.0,24.0,-59.0,100.0,-306.0,-221.0,-76.0,-48.0,53.0,229.0,83.0,-115.0,-57.0,179.0,262.0,70.0,-69.0,5.0
6,2014-20,4428,172.0,-202.0,273.0,-53.0,58.0,126.0,468.0,-4.0,86.0,-133.0,496.0,225.0,98.0,-175.0,217.0,192.0,-102.0,104.0,-570.0,551.0,35.0,62.0,-50.0,-907.0,-196.0,72.0,-32.0,99.0,109.0,68.0,-85.0,100.0,-264.0,84.0,-91.0,-69.0,-184.0,24.0,-59.0,100.0,-306.0,-221.0,-76.0,-48.0,53.0,229.0,83.0,-115.0,-57.0,179.0,262.0,70.0,-69.0
6,2014-21,4503,75.0,172.0,-202.0,273.0,-53.0,58.0,126.0,468.0,-4.0,86.0,-133.0,496.0,225.0,98.0,-175.0,217.0,192.0,-102.0,104.0,-570.0,551.0,35.0,62.0,-50.0,-907.0,-196.0,72.0,-32.0,99.0,109.0,68.0,-85.0,100.0,-264.0,84.0,-91.0,-69.0,-184.0,24.0,-59.0,100.0,-306.0,-221.0,-76.0,-48.0,53.0,229.0,83.0,-115.0,-57.0,179.0,262.0,70.0
6,2014-22,4523,20.0,75.0,172.0,-202.0,273.0,-53.0,58.0,126.0,468.0,-4.0,86.0,-133.0,496.0,225.0,98.0,-175.0,217.0,192.0,-102.0,104.0,-570.0,551.0,35.0,62.0,-50.0,-907.0,-196.0,72.0,-32.0,99.0,109.0,68.0,-85.0,100.0,-264.0,84.0,-91.0,-69.0,-184.0,24.0,-59.0,100.0,-306.0,-221.0,-76.0,-48.0,53.0,229.0,83.0,-115.0,-57.0,179.0,262.0
6,2014-23,4684,161.0,20.0,75.0,172.0,-202.0,273.0,-53.0,58.0,126.0,468.0,-4.0,86.0,-133.0,496.0,225.0,98.0,-175.0,217.0,192.0,-102.0,104.0,-570.0,551.0,35.0,62.0,-50.0,-907.0,-196.0,72.0,-32.0,99.0,109.0,68.0,-85.0,100.0,-264.0,84.0,-91.0,-69.0,-184.0,24.0,-59.0,100.0,-306.0,-221.0,-76.0,-48.0,53.0,229.0,83.0,-115.0,-57.0,179.0
6,2014-24,4709,25.0,161.0,20.0,75.0,172.0,-202.0,273.0,-53.0,58.0,126.0,468.0,-4.0,86.0,-133.0,496.0,225.0,98.0,-175.0,217.0,192.0,-102.0,104.0,-570.0,551.0,35.0,62.0,-50.0,-907.0,-196.0,72.0,-32.0,99.0,109.0,68.0,-85.0,100.0,-264.0,84.0,-91.0,-69.0,-184.0,24.0,-59.0,100.0,-306.0,-221.0,-76.0,-48.0,53.0,229.0,83.0,-115.0,-57.0
6,2014-25,4713,4.0,25.0,161.0,20.0,75.0,172.0,-202.0,273.0,-53.0,58.0,126.0,468.0,-4.0,86.0,-133.0,496.0,225.0,98.0,-175.0,217.0,192.0,-102.0,104.0,-570.0,551.0,35.0,62.0,-50.0,-907.0,-196.0,72.0,-32.0,99.0,109.0,68.0,-85.0,100.0,-264.0,84.0,-91.0,-69.0,-184.0,24.0,-59.0,100.0,-306.0,-221.0,-76.0,-48.0,53.0,229.0,83.0,-115.0
6,2014-26,4733,20.0,4.0,25.0,161.0,20.0,75.0,172.0,-202.0,273.0,-53.0,58.0,126.0,468.0,-4.0,86.0,-133.0,496.0,225.0,98.0,-175.0,217.0,192.0,-102.0,104.0,-570.0,551.0,35.0,62.0,-50.0,-907.0,-196.0,72.0,-32.0,99.0,109.0,68.0,-85.0,100.0,-264.0,84.0,-91.0,-69.0,-184.0,24.0,-59.0,100.0,-306.0,-221.0,-76.0,-48.0,53.0,229.0,83.0
6,2014-27,4985,252.0,20.0,4.0,25.0,161.0,20.0,75.0,172.0,-202.0,273.0,-53.0,58.0,126.0,468.0,-4.0,86.0,-133.0,496.0,225.0,98.0,-175.0,217.0,192.0,-102.0,104.0,-570.0,551.0,35.0,62.0,-50.0,-907.0,-196.0,72.0,-32.0,99.0,109.0,68.0,-85.0,100.0,-264.0,84.0,-91.0,-69.0,-184.0,24.0,-59.0,100.0,-306.0,-221.0,-76.0,-48.0,53.0,229.0
6,2014-28,5034,49.0,252.0,20.0,4.0,25.0,161.0,20.0,75.0,172.0,-202.0,273.0,-53.0,58.0,126.0,468.0,-4.0,86.0,-133.0,496.0,225.0,98.0,-175.0,217.0,192.0,-102.0,104.0,-570.0,551.0,35.0,62.0,-50.0,-907.0,-196.0,72.0,-32.0,99.0,109.0,68.0,-85.0,100.0,-264.0,84.0,-91.0,-69.0,-184.0,24.0,-59.0,100.0,-306.0,-221.0,-76.0,-48.0,53.0
6,2014-29,5027,-7.0,49.0,252.0,20.0,4.0,25.0,161.0,20.0,75.0,172.0,-202.0,273.0,-53.0,58.0,126.0,468.0,-4.0,86.0,-133.0,496.0,225.0,98.0,-175.0,217.0,192.0,-102.0,104.0,-570.0,551.0,35.0,62.0,-50.0,-907.0,-196.0,72.0,-32.0,99.0,109.0,68.0,-85.0,100.0,-264.0,84.0,-91.0,-69.0,-184.0,24.0,-59.0,100.0,-306.0,-221.0,-76.0,-48.0
6,2014-30,5156,129.0,-7.0,49.0,252.0,20.0,4.0,25.0,161.0,20.0,75.0,172.0,-202.0,273.0,-53.0,58.0,126.0,468.0,-4.0,86.0,-133.0,496.0,225.0,98.0,-175.0,217.0,192.0,-102.0,104.0,-570.0,551.0,35.0,62.0,-50.0,-907.0,-196.0,72.0,-32.0,99.0,109.0,68.0,-85.0,100.0,-264.0,84.0,-91.0,-69.0,-184.0,24.0,-59.0,100.0,-306.0,-221.0,-76.0
6,2014-31,4840,-316.0,129.0,-7.0,49.0,252.0,20.0,4.0,25.0,161.0,20.0,75.0,172.0,-202.0,273.0,-53.0,58.0,126.0,468.0,-4.0,86.0,-133.0,496.0,225.0,98.0,-175.0,217.0,192.0,-102.0,104.0,-570.0,551.0,35.0,62.0,-50.0,-907.0,-196.0,72.0,-32.0,99.0,109.0,68.0,-85.0,100.0,-264.0,84.0,-91.0,-69.0,-184.0,24.0,-59.0,100.0,-306.0,-221.0
6,2014-32,4485,-355.0,-316.0,129.0,-7.0,49.0,252.0,20.0,4.0,25.0,161.0,20.0,75.0,172.0,-202.0,273.0,-53.0,58.0,126.0,468.0,-4.0,86.0,-133.0,496.0,225.0,98.0,-175.0,217.0,192.0,-102.0,104.0,-570.0,551.0,35.0,62.0,-50.0,-907.0,-196.0,72.0,-32.0,99.0,109.0,68.0,-85.0,100.0,-264.0,84.0,-91.0,-69.0,-184.0,24.0,-59.0,100.0,-306.0
6,2014-33,4346,-139.0,-355.0,-316.0,129.0,-7.0,49.0,252.0,20.0,4.0,25.0,161.0,20.0,75.0,172.0,-202.0,273.0,-53.0,58.0,126.0,468.0,-4.0,86.0,-133.0,496.0,225.0,98.0,-175.0,217.0,192.0,-102.0,104.0,-570.0,551.0,35.0,62.0,-50.0,-907.0,-196.0,72.0,-32.0,99.0,109.0,68.0,-85.0,100.0,-264.0,84.0,-91.0,-69.0,-184.0,24.0,-59.0,100.0
6,2014-34,4465,119.0,-139.0,-355.0,-316.0,129.0,-7.0,49.0,252.0,20.0,4.0,25.0,161.0,20.0,75.0,172.0,-202.0,273.0,-53.0,58.0,126.0,468.0,-4.0,86.0,-133.0,496.0,225.0,98.0,-175.0,217.0,192.0,-102.0,104.0,-570.0,551.0,35.0,62.0,-50.0,-907.0,-196.0,72.0,-32.0,99.0,109.0,68.0,-85.0,100.0,-264.0,84.0,-91.0,-69.0,-184.0,24.0,-59.0
6,2014-35,4476,11.0,119.0,-139.0,-355.0,-316.0,129.0,-7.0,49.0,252.0,20.0,4.0,25.0,161.0,20.0,75.0,172.0,-202.0,273.0,-53.0,58.0,126.0,468.0,-4.0,86.0,-133.0,496.0,225.0,98.0,-175.0,217.0,192.0,-102.0,104.0,-570.0,551.0,35.0,62.0,-50.0,-907.0,-196.0,72.0,-32.0,99.0,109.0,68.0,-85.0,100.0,-264.0,84.0,-91.0,-69.0,-184.0,24.0
6,2014-36,4200,-276.0,11.0,119.0,-139.0,-355.0,-316.0,129.0,-7.0,49.0,252.0,20.0,4.0,25.0,161.0,20.0,75.0,172.0,-202.0,273.0,-53.0,58.0,126.0,468.0,-4.0,86.0,-133.0,496.0,225.0,98.0,-175.0,217.0,192.0,-102.0,104.0,-570.0,551.0,35.0,62.0,-50.0,-907.0,-196.0,72.0,-32.0,99.0,109.0,68.0,-85.0,100.0,-264.0,84.0,-91.0,-69.0,-184.0
6,2014-37,4199,-1.0,-276.0,11.0,119.0,-139.0,-355.0,-316.0,129.0,-7.0,49.0,252.0,20.0,4.0,25.0,161.0,20.0,75.0,172.0,-202.0,273.0,-53.0,58.0,126.0,468.0,-4.0,86.0,-133.0,496.0,225.0,98.0,-175.0,217.0,192.0,-102.0,104.0,-570.0,551.0,35.0,62.0,-50.0,-907.0,-196.0,72.0,-32.0,99.0,109.0,68.0,-85.0,100.0,-264.0,84.0,-91.0,-69.0
6,2014-38,4159,-40.0,-1.0,-276.0,11.0,119.0,-139.0,-355.0,-316.0,129.0,-7.0,49.0,252.0,20.0,4.0,25.0,161.0,20.0,75.0,172.0,-202.0,273.0,-53.0,58.0,126.0,468.0,-4.0,86.0,-133.0,496.0,225.0,98.0,-175.0,217.0,192.0,-102.0,104.0,-570.0,551.0,35.0,62.0,-50.0,-907.0,-196.0,72.0,-32.0,99.0,109.0,68.0,-85.0,100.0,-264.0,84.0,-91.0
6,2014-39,3961,-198.0,-40.0,-1.0,-276.0,11.0,119.0,-139.0,-355.0,-316.0,129.0,-7.0,49.0,252.0,20.0,4.0,25.0,161.0,20.0,75.0,172.0,-202.0,273.0,-53.0,58.0,126.0,468.0,-4.0,86.0,-133.0,496.0,225.0,98.0,-175.0,217.0,192.0,-102.0,104.0,-570.0,551.0,35.0,62.0,-50.0,-907.0,-196.0,72.0,-32.0,99.0,109.0,68.0,-85.0,100.0,-264.0,84.0
6,2014-40,3817,-144.0,-198.0,-40.0,-1.0,-276.0,11.0,119.0,-139.0,-355.0,-316.0,129.0,-7.0,49.0,252.0,20.0,4.0,25.0,161.0,20.0,75.0,172.0,-202.0,273.0,-53.0,58.0,126.0,468.0,-4.0,86.0,-133.0,496.0,225.0,98.0,-175.0,217.0,192.0,-102.0,104.0,-570.0,551.0,35.0,62.0,-50.0,-907.0,-196.0,72.0,-32.0,99.0,109.0,68.0,-85.0,100.0,-264.0
6,2014-41,3834,17.0,-144.0,-198.0,-40.0,-1.0,-276.0,11.0,119.0,-139.0,-355.0,-316.0,129.0,-7.0,49.0,252.0,20.0,4.0,25.0,161.0,20.0,75.0,172.0,-202.0,273.0,-53.0,58.0,126.0,468.0,-4.0,86.0,-133.0,496.0,225.0,98.0,-175.0,217.0,192.0,-102.0,104.0,-570.0,551.0,35.0,62.0,-50.0,-907.0,-196.0,72.0,-32.0,99.0,109.0,68.0,-85.0,100.0
6,2014-42,3878,44.0,17.0,-144.0,-198.0,-40.0,-1.0,-276.0,11.0,119.0,-139.0,-355.0,-316.0,129.0,-7.0,49.0,252.0,20.0,4.0,25.0,161.0,20.0,75.0,172.0,-202.0,273.0,-53.0,58.0,126.0,468.0,-4.0,86.0,-133.0,496.0,225.0,98.0,-175.0,217.0,192.0,-102.0,104.0,-570.0,551.0,35.0,62.0,-50.0,-907.0,-196.0,72.0,-32.0,99.0,109.0,68.0,-85.0
6,2014-43,3800,-78.0,44.0,17.0,-144.0,-198.0,-40.0,-1.0,-276.0,11.0,119.0,-139.0,-355.0,-316.0,129.0,-7.0,49.0,252.0,20.0,4.0,25.0,161.0,20.0,75.0,172.0,-202.0,273.0,-53.0,58.0,126.0,468.0,-4.0,86.0,-133.0,496.0,225.0,98.0,-175.0,217.0,192.0,-102.0,104.0,-570.0,551.0,35.0,62.0,-50.0,-907.0,-196.0,72.0,-32.0,99.0,109.0,68.0
6,2014-44,4005,205.0,-78.0,44.0,17.0,-144.0,-198.0,-40.0,-1.0,-276.0,11.0,119.0,-139.0,-355.0,-316.0,129.0,-7.0,49.0,252.0,20.0,4.0,25.0,161.0,20.0,75.0,172.0,-202.0,273.0,-53.0,58.0,126.0,468.0,-4.0,86.0,-133.0,496.0,225.0,98.0,-175.0,217.0,192.0,-102.0,104.0,-570.0,551.0,35.0,62.0,-50.0,-907.0,-196.0,72.0,-32.0,99.0,109.0
6,2014-45,4121,116.0,205.0,-78.0,44.0,17.0,-144.0,-198.0,-40.0,-1.0,-276.0,11.0,119.0,-139.0,-355.0,-316.0,129.0,-7.0,49.0,252.0,20.0,4.0,25.0,161.0,20.0,75.0,172.0,-202.0,273.0,-53.0,58.0,126.0,468.0,-4.0,86.0,-133.0,496.0,225.0,98.0,-175.0,217.0,192.0,-102.0,104.0,-570.0,551.0,35.0,62.0,-50.0,-907.0,-196.0,72.0,-32.0,99.0
6,2014-46,4079,-42.0,116.0,205.0,-78.0,44.0,17.0,-144.0,-198.0,-40.0,-1.0,-276.0,11.0,119.0,-139.0,-355.0,-316.0,129.0,-7.0,49.0,252.0,20.0,4.0,25.0,161.0,20.0,75.0,172.0,-202.0,273.0,-53.0,58.0,126.0,468.0,-4.0,86.0,-133.0,496.0,225.0,98.0,-175.0,217.0,192.0,-102.0,104.0,-570.0,551.0,35.0,62.0,-50.0,-907.0,-196.0,72.0,-32.0
6,2014-47,4081,2.0,-42.0,116.0,205.0,-78.0,44.0,17.0,-144.0,-198.0,-40.0,-1.0,-276.0,11.0,119.0,-139.0,-355.0,-316.0,129.0,-7.0,49.0,252.0,20.0,4.0,25.0,161.0,20.0,75.0,172.0,-202.0,273.0,-53.0,58.0,126.0,468.0,-4.0,86.0,-133.0,496.0,225.0,98.0,-175.0,217.0,192.0,-102.0,104.0,-570.0,551.0,35.0,62.0,-50.0,-907.0,-196.0,72.0
6,2014-48,4249,168.0,2.0,-42.0,116.0,205.0,-78.0,44.0,17.0,-144.0,-198.0,-40.0,-1.0,-276.0,11.0,119.0,-139.0,-355.0,-316.0,129.0,-7.0,49.0,252.0,20.0,4.0,25.0,161.0,20.0,75.0,172.0,-202.0,273.0,-53.0,58.0,126.0,468.0,-4.0,86.0,-133.0,496.0,225.0,98.0,-175.0,217.0,192.0,-102.0,104.0,-570.0,551.0,35.0,62.0,-50.0,-907.0,-196.0
6,2014-49,2959,-1290.0,168.0,2.0,-42.0,116.0,205.0,-78.0,44.0,17.0,-144.0,-198.0,-40.0,-1.0,-276.0,11.0,119.0,-139.0,-355.0,-316.0,129.0,-7.0,49.0,252.0,20.0,4.0,25.0,161.0,20.0,75.0,172.0,-202.0,273.0,-53.0,58.0,126.0,468.0,-4.0,86.0,-133.0,496.0,225.0,98.0,-175.0,217.0,192.0,-102.0,104.0,-570.0,551.0,35.0,62.0,-50.0,-907.0
6,2014-50,2997,38.0,-1290.0,168.0,2.0,-42.0,116.0,205.0,-78.0,44.0,17.0,-144.0,-198.0,-40.0,-1.0,-276.0,11.0,119.0,-139.0,-355.0,-316.0,129.0,-7.0,49.0,252.0,20.0,4.0,25.0,161.0,20.0,75.0,172.0,-202.0,273.0,-53.0,58.0,126.0,468.0,-4.0,86.0,-133.0,496.0,225.0,98.0,-175.0,217.0,192.0,-102.0,104.0,-570.0,551.0,35.0,62.0,-50.0
6,2014-51,2991,-6.0,38.0,-1290.0,168.0,2.0,-42.0,116.0,205.0,-78.0,44.0,17.0,-144.0,-198.0,-40.0,-1.0,-276.0,11.0,119.0,-139.0,-355.0,-316.0,129.0,-7.0,49.0,252.0,20.0,4.0,25.0,161.0,20.0,75.0,172.0,-202.0,273.0,-53.0,58.0,126.0,468.0,-4.0,86.0,-133.0,496.0,225.0,98.0,-175.0,217.0,192.0,-102.0,104.0,-570.0,551.0,35.0,62.0
6,2014-52,2946,-45.0,-6.0,38.0,-1290.0,168.0,2.0,-42.0,116.0,205.0,-78.0,44.0,17.0,-144.0,-198.0,-40.0,-1.0,-276.0,11.0,119.0,-139.0,-355.0,-316.0,129.0,-7.0,49.0,252.0,20.0,4.0,25.0,161.0,20.0,75.0,172.0,-202.0,273.0,-53.0,58.0,126.0,468.0,-4.0,86.0,-133.0,496.0,225.0,98.0,-175.0,217.0,192.0,-102.0,104.0,-570.0,551.0,35.0
6,2015-01,1728,-1218.0,-45.0,-6.0,38.0,-1290.0,168.0,2.0,-42.0,116.0,205.0,-78.0,44.0,17.0,-144.0,-198.0,-40.0,-1.0,-276.0,11.0,119.0,-139.0,-355.0,-316.0,129.0,-7.0,49.0,252.0,20.0,4.0,25.0,161.0,20.0,75.0,172.0,-202.0,273.0,-53.0,58.0,126.0,468.0,-4.0,86.0,-133.0,496.0,225.0,98.0,-175.0,217.0,192.0,-102.0,104.0,-570.0,551.0
6,2015-02,2769,1041.0,-1218.0,-45.0,-6.0,38.0,-1290.0,168.0,2.0,-42.0,116.0,205.0,-78.0,44.0,17.0,-144.0,-198.0,-40.0,-1.0,-276.0,11.0,119.0,-139.0,-355.0,-316.0,129.0,-7.0,49.0,252.0,20.0,4.0,25.0,161.0,20.0,75.0,172.0,-202.0,273.0,-53.0,58.0,126.0,468.0,-4.0,86.0,-133.0,496.0,225.0,98.0,-175.0,217.0,192.0,-102.0,104.0,-570.0
6,2015-03,2771,2.0,1041.0,-1218.0,-45.0,-6.0,38.0,-1290.0,168.0,2.0,-42.0,116.0,205.0,-78.0,44.0,17.0,-144.0,-198.0,-40.0,-1.0,-276.0,11.0,119.0,-139.0,-355.0,-316.0,129.0,-7.0,49.0,252.0,20.0,4.0,25.0,161.0,20.0,75.0,172.0,-202.0,273.0,-53.0,58.0,126.0,468.0,-4.0,86.0,-133.0,496.0,225.0,98.0,-175.0,217.0,192.0,-102.0,104.0
6,2015-04,2763,-8.0,2.0,1041.0,-1218.0,-45.0,-6.0,38.0,-1290.0,168.0,2.0,-42.0,116.0,205.0,-78.0,44.0,17.0,-144.0,-198.0,-40.0,-1.0,-276.0,11.0,119.0,-139.0,-355.0,-316.0,129.0,-7.0,49.0,252.0,20.0,4.0,25.0,161.0,20.0,75.0,172.0,-202.0,273.0,-53.0,58.0,126.0,468.0,-4.0,86.0,-133.0,496.0,225.0,98.0,-175.0,217.0,192.0,-102.0
6,2015-05,2858,95.0,-8.0,2.0,1041.0,-1218.0,-45.0,-6.0,38.0,-1290.0,168.0,2.0,-42.0,116.0,205.0,-78.0,44.0,17.0,-144.0,-198.0,-40.0,-1.0,-276.0,11.0,119.0,-139.0,-355.0,-316.0,129.0,-7.0,49.0,252.0,20.0,4.0,25.0,161.0,20.0,75.0,172.0,-202.0,273.0,-53.0,58.0,126.0,468.0,-4.0,86.0,-133.0,496.0,225.0,98.0,-175.0,217.0,192.0
6,2015-06,3170,312.0,95.0,-8.0,2.0,1041.0,-1218.0,-45.0,-6.0,38.0,-1290.0,168.0,2.0,-42.0,116.0,205.0,-78.0,44.0,17.0,-144.0,-198.0,-40.0,-1.0,-276.0,11.0,119.0,-139.0,-355.0,-316.0,129.0,-7.0,49.0,252.0,20.0,4.0,25.0,161.0,20.0,75.0,172.0,-202.0,273.0,-53.0,58.0,126.0,468.0,-4.0,86.0,-133.0,496.0,225.0,98.0,-175.0,217.0
6,2015-07,3107,-63.0,312.0,95.0,-8.0,2.0,1041.0,-1218.0,-45.0,-6.0,38.0,-1290.0,168.0,2.0,-42.0,116.0,205.0,-78.0,44.0,17.0,-144.0,-198.0,-40.0,-1.0,-276.0,11.0,119.0,-139.0,-355.0,-316.0,129.0,-7.0,49.0,252.0,20.0,4.0,25.0,161.0,20.0,75.0,172.0,-202.0,273.0,-53.0,58.0,126.0,468.0,-4.0,86.0,-133.0,496.0,225.0,98.0,-175.0
6,2015-08,3056,-51.0,-63.0,312.0,95.0,-8.0,2.0,1041.0,-1218.0,-45.0,-6.0,38.0,-1290.0,168.0,2.0,-42.0,116.0,205.0,-78.0,44.0,17.0,-144.0,-198.0,-40.0,-1.0,-276.0,11.0,119.0,-139.0,-355.0,-316.0,129.0,-7.0,49.0,252.0,20.0,4.0,25.0,161.0,20.0,75.0,172.0,-202.0,273.0,-53.0,58.0,126.0,468.0,-4.0,86.0,-133.0,496.0,225.0,98.0
6,2015-09,3186,130.0,-51.0,-63.0,312.0,95.0,-8.0,2.0,1041.0,-1218.0,-45.0,-6.0,38.0,-1290.0,168.0,2.0,-42.0,116.0,205.0,-78.0,44.0,17.0,-144.0,-198.0,-40.0,-1.0,-276.0,11.0,119.0,-139.0,-355.0,-316.0,129.0,-7.0,49.0,252.0,20.0,4.0,25.0,161.0,20.0,75.0,172.0,-202.0,273.0,-53.0,58.0,126.0,468.0,-4.0,86.0,-133.0,496.0,225.0
6,2015-10,3754,568.0,130.0,-51.0,-63.0,312.0,95.0,-8.0,2.0,1041.0,-1218.0,-45.0,-6.0,38.0,-1290.0,168.0,2.0,-42.0,116.0,205.0,-78.0,44.0,17.0,-144.0,-198.0,-40.0,-1.0,-276.0,11.0,119.0,-139.0,-355.0,-316.0,129.0,-7.0,49.0,252.0,20.0,4.0,25.0,161.0,20.0,75.0,172.0,-202.0,273.0,-53.0,58.0,126.0,468.0,-4.0,86.0,-133.0,496.0
6,2015-11,3757,3.0,568.0,130.0,-51.0,-63.0,312.0,95.0,-8.0,2.0,1041.0,-1218.0,-45.0,-6.0,38.0,-1290.0,168.0,2.0,-42.0,116.0,205.0,-78.0,44.0,17.0,-144.0,-198.0,-40.0,-1.0,-276.0,11.0,119.0,-139.0,-355.0,-316.0,129.0,-7.0,49.0,252.0,20.0,4.0,25.0,161.0,20.0,75.0,172.0,-202.0,273.0,-53.0,58.0,126.0,468.0,-4.0,86.0,-133.0
6,2015-12,3632,-125.0,3.0,568.0,130.0,-51.0,-63.0,312.0,95.0,-8.0,2.0,1041.0,-1218.0,-45.0,-6.0,38.0,-1290.0,168.0,2.0,-42.0,116.0,205.0,-78.0,44.0,17.0,-144.0,-198.0,-40.0,-1.0,-276.0,11.0,119.0,-139.0,-355.0,-316.0,129.0,-7.0,49.0,252.0,20.0,4.0,25.0,161.0,20.0,75.0,172.0,-202.0,273.0,-53.0,58.0,126.0,468.0,-4.0,86.0
6,2015-13,3698,66.0,-125.0,3.0,568.0,130.0,-51.0,-63.0,312.0,95.0,-8.0,2.0,1041.0,-1218.0,-45.0,-6.0,38.0,-1290.0,168.0,2.0,-42.0,116.0,205.0,-78.0,44.0,17.0,-144.0,-198.0,-40.0,-1.0,-276.0,11.0,119.0,-139.0,-355.0,-316.0,129.0,-7.0,49.0,252.0,20.0,4.0,25.0,161.0,20.0,75.0,172.0,-202.0,273.0,-53.0,58.0,126.0,468.0,-4.0
6,2015-14,4133,435.0,66.0,-125.0,3.0,568.0,130.0,-51.0,-63.0,312.0,95.0,-8.0,2.0,1041.0,-1218.0,-45.0,-6.0,38.0,-1290.0,168.0,2.0,-42.0,116.0,205.0,-78.0,44.0,17.0,-144.0,-198.0,-40.0,-1.0,-276.0,11.0,119.0,-139.0,-355.0,-316.0,129.0,-7.0,49.0,252.0,20.0,4.0,25.0,161.0,20.0,75.0,172.0,-202.0,273.0,-53.0,58.0,126.0,468.0
6,2015-15,4389,256.0,435.0,66.0,-125.0,3.0,568.0,130.0,-51.0,-63.0,312.0,95.0,-8.0,2.0,1041.0,-1218.0,-45.0,-6.0,38.0,-1290.0,168.0,2.0,-42.0,116.0,205.0,-78.0,44.0,17.0,-144.0,-198.0,-40.0,-1.0,-276.0,11.0,119.0,-139.0,-355.0,-316.0,129.0,-7.0,49.0,252.0,20.0,4.0,25.0,161.0,20.0,75.0,172.0,-202.0,273.0,-53.0,58.0,126.0
6,2015-16,4290,-99.0,256.0,435.0,66.0,-125.0,3.0,568.0,130.0,-51.0,-63.0,312.0,95.0,-8.0,2.0,1041.0,-1218.0,-45.0,-6.0,38.0,-1290.0,168.0,2.0,-42.0,116.0,205.0,-78.0,44.0,17.0,-144.0,-198.0,-40.0,-1.0,-276.0,11.0,119.0,-139.0,-355.0,-316.0,129.0,-7.0,49.0,252.0,20.0,4.0,25.0,161.0,20.0,75.0,172.0,-202.0,273.0,-53.0,58.0
6,2015-17,4363,73.0,-99.0,256.0,435.0,66.0,-125.0,3.0,568.0,130.0,-51.0,-63.0,312.0,95.0,-8.0,2.0,1041.0,-1218.0,-45.0,-6.0,38.0,-1290.0,168.0,2.0,-42.0,116.0,205.0,-78.0,44.0,17.0,-144.0,-198.0,-40.0,-1.0,-276.0,11.0,119.0,-139.0,-355.0,-316.0,129.0,-7.0,49.0,252.0,20.0,4.0,25.0,161.0,20.0,75.0,172.0,-202.0,273.0,-53.0
6,2015-18,4419,56.0,73.0,-99.0,256.0,435.0,66.0,-125.0,3.0,568.0,130.0,-51.0,-63.0,312.0,95.0,-8.0,2.0,1041.0,-1218.0,-45.0,-6.0,38.0,-1290.0,168.0,2.0,-42.0,116.0,205.0,-78.0,44.0,17.0,-144.0,-198.0,-40.0,-1.0,-276.0,11.0,119.0,-139.0,-355.0,-316.0,129.0,-7.0,49.0,252.0,20.0,4.0,25.0,161.0,20.0,75.0,172.0,-202.0,273.0
6,2015-19,4651,232.0,56.0,73.0,-99.0,256.0,435.0,66.0,-125.0,3.0,568.0,130.0,-51.0,-63.0,312.0,95.0,-8.0,2.0,1041.0,-1218.0,-45.0,-6.0,38.0,-1290.0,168.0,2.0,-42.0,116.0,205.0,-78.0,44.0,17.0,-144.0,-198.0,-40.0,-1.0,-276.0,11.0,119.0,-139.0,-355.0,-316.0,129.0,-7.0,49.0,252.0,20.0,4.0,25.0,161.0,20.0,75.0,172.0,-202.0
6,2015-20,4616,-35.0,232.0,56.0,73.0,-99.0,256.0,435.0,66.0,-125.0,3.0,568.0,130.0,-51.0,-63.0,312.0,95.0,-8.0,2.0,1041.0,-1218.0,-45.0,-6.0,38.0,-1290.0,168.0,2.0,-42.0,116.0,205.0,-78.0,44.0,17.0,-144.0,-198.0,-40.0,-1.0,-276.0,11.0,119.0,-139.0,-355.0,-316.0,129.0,-7.0,49.0,252.0,20.0,4.0,25.0,161.0,20.0,75.0,172.0
6,2015-21,4654,38.0,-35.0,232.0,56.0,73.0,-99.0,256.0,435.0,66.0,-125.0,3.0,568.0,130.0,-51.0,-63.0,312.0,95.0,-8.0,2.0,1041.0,-1218.0,-45.0,-6.0,38.0,-1290.0,168.0,2.0,-42.0,116.0,205.0,-78.0,44.0,17.0,-144.0,-198.0,-40.0,-1.0,-276.0,11.0,119.0,-139.0,-355.0,-316.0,129.0,-7.0,49.0,252.0,20.0,4.0,25.0,161.0,20.0,75.0
6,2015-22,4632,-22.0,38.0,-35.0,232.0,56.0,73.0,-99.0,256.0,435.0,66.0,-125.0,3.0,568.0,130.0,-51.0,-63.0,312.0,95.0,-8.0,2.0,1041.0,-1218.0,-45.0,-6.0,38.0,-1290.0,168.0,2.0,-42.0,116.0,205.0,-78.0,44.0,17.0,-144.0,-198.0,-40.0,-1.0,-276.0,11.0,119.0,-139.0,-355.0,-316.0,129.0,-7.0,49.0,252.0,20.0,4.0,25.0,161.0,20.0
6,2015-23,4879,247.0,-22.0,38.0,-35.0,232.0,56.0,73.0,-99.0,256.0,435.0,66.0,-125.0,3.0,568.0,130.0,-51.0,-63.0,312.0,95.0,-8.0,2.0,1041.0,-1218.0,-45.0,-6.0,38.0,-1290.0,168.0,2.0,-42.0,116.0,205.0,-78.0,44.0,17.0,-144.0,-198.0,-40.0,-1.0,-276.0,11.0,119.0,-139.0,-355.0,-316.0,129.0,-7.0,49.0,252.0,20.0,4.0,25.0,161.0
6,2015-24,4881,2.0,247.0,-22.0,38.0,-35.0,232.0,56.0,73.0,-99.0,256.0,435.0,66.0,-125.0,3.0,568.0,130.0,-51.0,-63.0,312.0,95.0,-8.0,2.0,1041.0,-1218.0,-45.0,-6.0,38.0,-1290.0,168.0,2.0,-42.0,116.0,205.0,-78.0,44.0,17.0,-144.0,-198.0,-40.0,-1.0,-276.0,11.0,119.0,-139.0,-355.0,-316.0,129.0,-7.0,49.0,252.0,20.0,4.0,25.0
6,2015-25,5037,156.0,2.0,247.0,-22.0,38.0,-35.0,232.0,56.0,73.0,-99.0,256.0,435.0,66.0,-125.0,3.0,568.0,130.0,-51.0,-63.0,312.0,95.0,-8.0,2.0,1041.0,-1218.0,-45.0,-6.0,38.0,-1290.0,168.0,2.0,-42.0,116.0,205.0,-78.0,44.0,17.0,-144.0,-198.0,-40.0,-1.0,-276.0,11.0,119.0,-139.0,-355.0,-316.0,129.0,-7.0,49.0,252.0,20.0,4.0
6,2015-26,5014,-23.0,156.0,2.0,247.0,-22.0,38.0,-35.0,232.0,56.0,73.0,-99.0,256.0,435.0,66.0,-125.0,3.0,568.0,130.0,-51.0,-63.0,312.0,95.0,-8.0,2.0,1041.0,-1218.0,-45.0,-6.0,38.0,-1290.0,168.0,2.0,-42.0,116.0,205.0,-78.0,44.0,17.0,-144.0,-198.0,-40.0,-1.0,-276.0,11.0,119.0,-139.0,-355.0,-316.0,129.0,-7.0,49.0,252.0,20.0
6,2015-27,5018,4.0,-23.0,156.0,2.0,247.0,-22.0,38.0,-35.0,232.0,56.0,73.0,-99.0,256.0,435.0,66.0,-125.0,3.0,568.0,130.0,-51.0,-63.0,312.0,95.0,-8.0,2.0,1041.0,-1218.0,-45.0,-6.0,38.0,-1290.0,168.0,2.0,-42.0,116.0,205.0,-78.0,44.0,17.0,-144.0,-198.0,-40.0,-1.0,-276.0,11.0,119.0,-139.0,-355.0,-316.0,129.0,-7.0,49.0,252.0
6,2015-28,5207,189.0,4.0,-23.0,156.0,2.0,247.0,-22.0,38.0,-35.0,232.0,56.0,73.0,-99.0,256.0,435.0,66.0,-125.0,3.0,568.0,130.0,-51.0,-63.0,312.0,95.0,-8.0,2.0,1041.0,-1218.0,-45.0,-6.0,38.0,-1290.0,168.0,2.0,-42.0,116.0,205.0,-78.0,44.0,17.0,-144.0,-198.0,-40.0,-1.0,-276.0,11.0,119.0,-139.0,-355.0,-316.0,129.0,-7.0,49.0
6,2015-29,5188,-19.0,189.0,4.0,-23.0,156.0,2.0,247.0,-22.0,38.0,-35.0,232.0,56.0,73.0,-99.0,256.0,435.0,66.0,-125.0,3.0,568.0,130.0,-51.0,-63.0,312.0,95.0,-8.0,2.0,1041.0,-1218.0,-45.0,-6.0,38.0,-1290.0,168.0,2.0,-42.0,116.0,205.0,-78.0,44.0,17.0,-144.0,-198.0,-40.0,-1.0,-276.0,11.0,119.0,-139.0,-355.0,-316.0,129.0,-7.0
6,2015-30,5248,60.0,-19.0,189.0,4.0,-23.0,156.0,2.0,247.0,-22.0,38.0,-35.0,232.0,56.0,73.0,-99.0,256.0,435.0,66.0,-125.0,3.0,568.0,130.0,-51.0,-63.0,312.0,95.0,-8.0,2.0,1041.0,-1218.0,-45.0,-6.0,38.0,-1290.0,168.0,2.0,-42.0,116.0,205.0,-78.0,44.0,17.0,-144.0,-198.0,-40.0,-1.0,-276.0,11.0,119.0,-139.0,-355.0,-316.0,129.0
6,2015-31,4981,-267.0,60.0,-19.0,189.0,4.0,-23.0,156.0,2.0,247.0,-22.0,38.0,-35.0,232.0,56.0,73.0,-99.0,256.0,435.0,66.0,-125.0,3.0,568.0,130.0,-51.0,-63.0,312.0,95.0,-8.0,2.0,1041.0,-1218.0,-45.0,-6.0,38.0,-1290.0,168.0,2.0,-42.0,116.0,205.0,-78.0,44.0,17.0,-144.0,-198.0,-40.0,-1.0,-276.0,11.0,119.0,-139.0,-355.0,-316.0
6,2015-32,4675,-306.0,-267.0,60.0,-19.0,189.0,4.0,-23.0,156.0,2.0,247.0,-22.0,38.0,-35.0,232.0,56.0,73.0,-99.0,256.0,435.0,66.0,-125.0,3.0,568.0,130.0,-51.0,-63.0,312.0,95.0,-8.0,2.0,1041.0,-1218.0,-45.0,-6.0,38.0,-1290.0,168.0,2.0,-42.0,116.0,205.0,-78.0,44.0,17.0,-144.0,-198.0,-40.0,-1.0,-276.0,11.0,119.0,-139.0,-355.0
6,2015-33,4716,41.0,-306.0,-267.0,60.0,-19.0,189.0,4.0,-23.0,156.0,2.0,247.0,-22.0,38.0,-35.0,232.0,56.0,73.0,-99.0,256.0,435.0,66.0,-125.0,3.0,568.0,130.0,-51.0,-63.0,312.0,95.0,-8.0,2.0,1041.0,-1218.0,-45.0,-6.0,38.0,-1290.0,168.0,2.0,-42.0,116.0,205.0,-78.0,44.0,17.0,-144.0,-198.0,-40.0,-1.0,-276.0,11.0,119.0,-139.0
6,2015-34,4645,-71.0,41.0,-306.0,-267.0,60.0,-19.0,189.0,4.0,-23.0,156.0,2.0,247.0,-22.0,38.0,-35.0,232.0,56.0,73.0,-99.0,256.0,435.0,66.0,-125.0,3.0,568.0,130.0,-51.0,-63.0,312.0,95.0,-8.0,2.0,1041.0,-1218.0,-45.0,-6.0,38.0,-1290.0,168.0,2.0,-42.0,116.0,205.0,-78.0,44.0,17.0,-144.0,-198.0,-40.0,-1.0,-276.0,11.0,119.0
6,2015-35,4655,10.0,-71.0,41.0,-306.0,-267.0,60.0,-19.0,189.0,4.0,-23.0,156.0,2.0,247.0,-22.0,38.0,-35.0,232.0,56.0,73.0,-99.0,256.0,435.0,66.0,-125.0,3.0,568.0,130.0,-51.0,-63.0,312.0,95.0,-8.0,2.0,1041.0,-1218.0,-45.0,-6.0,38.0,-1290.0,168.0,2.0,-42.0,116.0,205.0,-78.0,44.0,17.0,-144.0,-198.0,-40.0,-1.0,-276.0,11.0
6,2015-36,4421,-234.0,10.0,-71.0,41.0,-306.0,-267.0,60.0,-19.0,189.0,4.0,-23.0,156.0,2.0,247.0,-22.0,38.0,-35.0,232.0,56.0,73.0,-99.0,256.0,435.0,66.0,-125.0,3.0,568.0,130.0,-51.0,-63.0,312.0,95.0,-8.0,2.0,1041.0,-1218.0,-45.0,-6.0,38.0,-1290.0,168.0,2.0,-42.0,116.0,205.0,-78.0,44.0,17.0,-144.0,-198.0,-40.0,-1.0,-276.0
6,2015-37,4340,-81.0,-234.0,10.0,-71.0,41.0,-306.0,-267.0,60.0,-19.0,189.0,4.0,-23.0,156.0,2.0,247.0,-22.0,38.0,-35.0,232.0,56.0,73.0,-99.0,256.0,435.0,66.0,-125.0,3.0,568.0,130.0,-51.0,-63.0,312.0,95.0,-8.0,2.0,1041.0,-1218.0,-45.0,-6.0,38.0,-1290.0,168.0,2.0,-42.0,116.0,205.0,-78.0,44.0,17.0,-144.0,-198.0,-40.0,-1.0
6,2015-38,4277,-63.0,-81.0,-234.0,10.0,-71.0,41.0,-306.0,-267.0,60.0,-19.0,189.0,4.0,-23.0,156.0,2.0,247.0,-22.0,38.0,-35.0,232.0,56.0,73.0,-99.0,256.0,435.0,66.0,-125.0,3.0,568.0,130.0,-51.0,-63.0,312.0,95.0,-8.0,2.0,1041.0,-1218.0,-45.0,-6.0,38.0,-1290.0,168.0,2.0,-42.0,116.0,205.0,-78.0,44.0,17.0,-144.0,-198.0,-40.0
6,2015-39,4320,43.0,-63.0,-81.0,-234.0,10.0,-71.0,41.0,-306.0,-267.0,60.0,-19.0,189.0,4.0,-23.0,156.0,2.0,247.0,-22.0,38.0,-35.0,232.0,56.0,73.0,-99.0,256.0,435.0,66.0,-125.0,3.0,568.0,130.0,-51.0,-63.0,312.0,95.0,-8.0,2.0,1041.0,-1218.0,-45.0,-6.0,38.0,-1290.0,168.0,2.0,-42.0,116.0,205.0,-78.0,44.0,17.0,-144.0,-198.0
6,2015-40,4097,-223.0,43.0,-63.0,-81.0,-234.0,10.0,-71.0,41.0,-306.0,-267.0,60.0,-19.0,189.0,4.0,-23.0,156.0,2.0,247.0,-22.0,38.0,-35.0,232.0,56.0,73.0,-99.0,256.0,435.0,66.0,-125.0,3.0,568.0,130.0,-51.0,-63.0,312.0,95.0,-8.0,2.0,1041.0,-1218.0,-45.0,-6.0,38.0,-1290.0,168.0,2.0,-42.0,116.0,205.0,-78.0,44.0,17.0,-144.0
6,2015-41,3951,-146.0,-223.0,43.0,-63.0,-81.0,-234.0,10.0,-71.0,41.0,-306.0,-267.0,60.0,-19.0,189.0,4.0,-23.0,156.0,2.0,247.0,-22.0,38.0,-35.0,232.0,56.0,73.0,-99.0,256.0,435.0,66.0,-125.0,3.0,568.0,130.0,-51.0,-63.0,312.0,95.0,-8.0,2.0,1041.0,-1218.0,-45.0,-6.0,38.0,-1290.0,168.0,2.0,-42.0,116.0,205.0,-78.0,44.0,17.0
6,2015-42,3974,23.0,-146.0,-223.0,43.0,-63.0,-81.0,-234.0,10.0,-71.0,41.0,-306.0,-267.0,60.0,-19.0,189.0,4.0,-23.0,156.0,2.0,247.0,-22.0,38.0,-35.0,232.0,56.0,73.0,-99.0,256.0,435.0,66.0,-125.0,3.0,568.0,130.0,-51.0,-63.0,312.0,95.0,-8.0,2.0,1041.0,-1218.0,-45.0,-6.0,38.0,-1290.0,168.0,2.0,-42.0,116.0,205.0,-78.0,44.0
6,2015-43,4056,82.0,23.0,-146.0,-223.0,43.0,-63.0,-81.0,-234.0,10.0,-71.0,41.0,-306.0,-267.0,60.0,-19.0,189.0,4.0,-23.0,156.0,2.0,247.0,-22.0,38.0,-35.0,232.0,56.0,73.0,-99.0,256.0,435.0,66.0,-125.0,3.0,568.0,130.0,-51.0,-63.0,312.0,95.0,-8.0,2.0,1041.0,-1218.0,-45.0,-6.0,38.0,-1290.0,168.0,2.0,-42.0,116.0,205.0,-78.0
6,2015-44,4017,-39.0,82.0,23.0,-146.0,-223.0,43.0,-63.0,-81.0,-234.0,10.0,-71.0,41.0,-306.0,-267.0,60.0,-19.0,189.0,4.0,-23.0,156.0,2.0,247.0,-22.0,38.0,-35.0,232.0,56.0,73.0,-99.0,256.0,435.0,66.0,-125.0,3.0,568.0,130.0,-51.0,-63.0,312.0,95.0,-8.0,2.0,1041.0,-1218.0,-45.0,-6.0,38.0,-1290.0,168.0,2.0,-42.0,116.0,205.0
6,2015-45,4206,189.0,-39.0,82.0,23.0,-146.0,-223.0,43.0,-63.0,-81.0,-234.0,10.0,-71.0,41.0,-306.0,-267.0,60.0,-19.0,189.0,4.0,-23.0,156.0,2.0,247.0,-22.0,38.0,-35.0,232.0,56.0,73.0,-99.0,256.0,435.0,66.0,-125.0,3.0,568.0,130.0,-51.0,-63.0,312.0,95.0,-8.0,2.0,1041.0,-1218.0,-45.0,-6.0,38.0,-1290.0,168.0,2.0,-42.0,116.0
6,2015-46,4308,102.0,189.0,-39.0,82.0,23.0,-146.0,-223.0,43.0,-63.0,-81.0,-234.0,10.0,-71.0,41.0,-306.0,-267.0,60.0,-19.0,189.0,4.0,-23.0,156.0,2.0,247.0,-22.0,38.0,-35.0,232.0,56.0,73.0,-99.0,256.0,435.0,66.0,-125.0,3.0,568.0,130.0,-51.0,-63.0,312.0,95.0,-8.0,2.0,1041.0,-1218.0,-45.0,-6.0,38.0,-1290.0,168.0,2.0,-42.0
6,2015-47,4298,-10.0,102.0,189.0,-39.0,82.0,23.0,-146.0,-223.0,43.0,-63.0,-81.0,-234.0,10.0,-71.0,41.0,-306.0,-267.0,60.0,-19.0,189.0,4.0,-23.0,156.0,2.0,247.0,-22.0,38.0,-35.0,232.0,56.0,73.0,-99.0,256.0,435.0,66.0,-125.0,3.0,568.0,130.0,-51.0,-63.0,312.0,95.0,-8.0,2.0,1041.0,-1218.0,-45.0,-6.0,38.0,-1290.0,168.0,2.0
6,2015-48,4276,-22.0,-10.0,102.0,189.0,-39.0,82.0,23.0,-146.0,-223.0,43.0,-63.0,-81.0,-234.0,10.0,-71.0,41.0,-306.0,-267.0,60.0,-19.0,189.0,4.0,-23.0,156.0,2.0,247.0,-22.0,38.0,-35.0,232.0,56.0,73.0,-99.0,256.0,435.0,66.0,-125.0,3.0,568.0,130.0,-51.0,-63.0,312.0,95.0,-8.0,2.0,1041.0,-1218.0,-45.0,-6.0,38.0,-1290.0,168.0
6,2015-49,3225,-1051.0,-22.0,-10.0,102.0,189.0,-39.0,82.0,23.0,-146.0,-223.0,43.0,-63.0,-81.0,-234.0,10.0,-71.0,41.0,-306.0,-267.0,60.0,-19.0,189.0,4.0,-23.0,156.0,2.0,247.0,-22.0,38.0,-35.0,232.0,56.0,73.0,-99.0,256.0,435.0,66.0,-125.0,3.0,568.0,130.0,-51.0,-63.0,312.0,95.0,-8.0,2.0,1041.0,-1218.0,-45.0,-6.0,38.0,-1290.0
6,2015-50,3131,-94.0,-1051.0,-22.0,-10.0,102.0,189.0,-39.0,82.0,23.0,-146.0,-223.0,43.0,-63.0,-81.0,-234.0,10.0,-71.0,41.0,-306.0,-267.0,60.0,-19.0,189.0,4.0,-23.0,156.0,2.0,247.0,-22.0,38.0,-35.0,232.0,56.0,73.0,-99.0,256.0,435.0,66.0,-125.0,3.0,568.0,130.0,-51.0,-63.0,312.0,95.0,-8.0,2.0,1041.0,-1218.0,-45.0,-6.0,38.0
6,2015-51,3026,-105.0,-94.0,-1051.0,-22.0,-10.0,102.0,189.0,-39.0,82.0,23.0,-146.0,-223.0,43.0,-63.0,-81.0,-234.0,10.0,-71.0,41.0,-306.0,-267.0,60.0,-19.0,189.0,4.0,-23.0,156.0,2.0,247.0,-22.0,38.0,-35.0,232.0,56.0,73.0,-99.0,256.0,435.0,66.0,-125.0,3.0,568.0,130.0,-51.0,-63.0,312.0,95.0,-8.0,2.0,1041.0,-1218.0,-45.0,-6.0
6,2015-52,3064,38.0,-105.0,-94.0,-1051.0,-22.0,-10.0,102.0,189.0,-39.0,82.0,23.0,-146.0,-223.0,43.0,-63.0,-81.0,-234.0,10.0,-71.0,41.0,-306.0,-267.0,60.0,-19.0,189.0,4.0,-23.0,156.0,2.0,247.0,-22.0,38.0,-35.0,232.0,56.0,73.0,-99.0,256.0,435.0,66.0,-125.0,3.0,568.0,130.0,-51.0,-63.0,312.0,95.0,-8.0,2.0,1041.0,-1218.0,-45.0
6,2015-53,1552,-1512.0,38.0,-105.0,-94.0,-1051.0,-22.0,-10.0,102.0,189.0,-39.0,82.0,23.0,-146.0,-223.0,43.0,-63.0,-81.0,-234.0,10.0,-71.0,41.0,-306.0,-267.0,60.0,-19.0,189.0,4.0,-23.0,156.0,2.0,247.0,-22.0,38.0,-35.0,232.0,56.0,73.0,-99.0,256.0,435.0,66.0,-125.0,3.0,568.0,130.0,-51.0,-63.0,312.0,95.0,-8.0,2.0,1041.0,-1218.0
6,2016-01,2999,1447.0,-1512.0,38.0,-105.0,-94.0,-1051.0,-22.0,-10.0,102.0,189.0,-39.0,82.0,23.0,-146.0,-223.0,43.0,-63.0,-81.0,-234.0,10.0,-71.0,41.0,-306.0,-267.0,60.0,-19.0,189.0,4.0,-23.0,156.0,2.0,247.0,-22.0,38.0,-35.0,232.0,56.0,73.0,-99.0,256.0,435.0,66.0,-125.0,3.0,568.0,130.0,-51.0,-63.0,312.0,95.0,-8.0,2.0,1041.0
6,2016-02,3010,11.0,1447.0,-1512.0,38.0,-105.0,-94.0,-1051.0,-22.0,-10.0,102.0,189.0,-39.0,82.0,23.0,-146.0,-223.0,43.0,-63.0,-81.0,-234.0,10.0,-71.0,41.0,-306.0,-267.0,60.0,-19.0,189.0,4.0,-23.0,156.0,2.0,247.0,-22.0,38.0,-35.0,232.0,56.0,73.0,-99.0,256.0,435.0,66.0,-125.0,3.0,568.0,130.0,-51.0,-63.0,312.0,95.0,-8.0,2.0
6,2016-03,3004,-6.0,11.0,1447.0,-1512.0,38.0,-105.0,-94.0,-1051.0,-22.0,-10.0,102.0,189.0,-39.0,82.0,23.0,-146.0,-223.0,43.0,-63.0,-81.0,-234.0,10.0,-71.0,41.0,-306.0,-267.0,60.0,-19.0,189.0,4.0,-23.0,156.0,2.0,247.0,-22.0,38.0,-35.0,232.0,56.0,73.0,-99.0,256.0,435.0,66.0,-125.0,3.0,568.0,130.0,-51.0,-63.0,312.0,95.0,-8.0
6,2016-04,3019,15.0,-6.0,11.0,1447.0,-1512.0,38.0,-105.0,-94.0,-1051.0,-22.0,-10.0,102.0,189.0,-39.0,82.0,23.0,-146.0,-223.0,43.0,-63.0,-81.0,-234.0,10.0,-71.0,41.0,-306.0,-267.0,60.0,-19.0,189.0,4.0,-23.0,156.0,2.0,247.0,-22.0,38.0,-35.0,232.0,56.0,73.0,-99.0,256.0,435.0,66.0,-125.0,3.0,568.0,130.0,-51.0,-63.0,312.0,95.0
6,2016-05,3257,238.0,15.0,-6.0,11.0,1447.0,-1512.0,38.0,-105.0,-94.0,-1051.0,-22.0,-10.0,102.0,189.0,-39.0,82.0,23.0,-146.0,-223.0,43.0,-63.0,-81.0,-234.0,10.0,-71.0,41.0,-306.0,-267.0,60.0,-19.0,189.0,4.0,-23.0,156.0,2.0,247.0,-22.0,38.0,-35.0,232.0,56.0,73.0,-99.0,256.0,435.0,66.0,-125.0,3.0,568.0,130.0,-51.0,-63.0,312.0
6,2016-06,3370,113.0,238.0,15.0,-6.0,11.0,1447.0,-1512.0,38.0,-105.0,-94.0,-1051.0,-22.0,-10.0,102.0,189.0,-39.0,82.0,23.0,-146.0,-223.0,43.0,-63.0,-81.0,-234.0,10.0,-71.0,41.0,-306.0,-267.0,60.0,-19.0,189.0,4.0,-23.0,156.0,2.0,247.0,-22.0,38.0,-35.0,232.0,56.0,73.0,-99.0,256.0,435.0,66.0,-125.0,3.0,568.0,130.0,-51.0,-63.0
6,2016-07,3366,-4.0,113.0,238.0,15.0,-6.0,11.0,1447.0,-1512.0,38.0,-105.0,-94.0,-1051.0,-22.0,-10.0,102.0,189.0,-39.0,82.0,23.0,-146.0,-223.0,43.0,-63.0,-81.0,-234.0,10.0,-71.0,41.0,-306.0,-267.0,60.0,-19.0,189.0,4.0,-23.0,156.0,2.0,247.0,-22.0,38.0,-35.0,232.0,56.0,73.0,-99.0,256.0,435.0,66.0,-125.0,3.0,568.0,130.0,-51.0
6,2016-08,3304,-62.0,-4.0,113.0,238.0,15.0,-6.0,11.0,1447.0,-1512.0,38.0,-105.0,-94.0,-1051.0,-22.0,-10.0,102.0,189.0,-39.0,82.0,23.0,-146.0,-223.0,43.0,-63.0,-81.0,-234.0,10.0,-71.0,41.0,-306.0,-267.0,60.0,-19.0,189.0,4.0,-23.0,156.0,2.0,247.0,-22.0,38.0,-35.0,232.0,56.0,73.0,-99.0,256.0,435.0,66.0,-125.0,3.0,568.0,130.0
6,2016-09,4032,728.0,-62.0,-4.0,113.0,238.0,15.0,-6.0,11.0,1447.0,-1512.0,38.0,-105.0,-94.0,-1051.0,-22.0,-10.0,102.0,189.0,-39.0,82.0,23.0,-146.0,-223.0,43.0,-63.0,-81.0,-234.0,10.0,-71.0,41.0,-306.0,-267.0,60.0,-19.0,189.0,4.0,-23.0,156.0,2.0,247.0,-22.0,38.0,-35.0,232.0,56.0,73.0,-99.0,256.0,435.0,66.0,-125.0,3.0,568.0
6,2016-10,4006,-26.0,728.0,-62.0,-4.0,113.0,238.0,15.0,-6.0,11.0,1447.0,-1512.0,38.0,-105.0,-94.0,-1051.0,-22.0,-10.0,102.0,189.0,-39.0,82.0,23.0,-146.0,-223.0,43.0,-63.0,-81.0,-234.0,10.0,-71.0,41.0,-306.0,-267.0,60.0,-19.0,189.0,4.0,-23.0,156.0,2.0,247.0,-22.0,38.0,-35.0,232.0,56.0,73.0,-99.0,256.0,435.0,66.0,-125.0,3.0
6,2016-11,3965,-41.0,-26.0,728.0,-62.0,-4.0,113.0,238.0,15.0,-6.0,11.0,1447.0,-1512.0,38.0,-105.0,-94.0,-1051.0,-22.0,-10.0,102.0,189.0,-39.0,82.0,23.0,-146.0,-223.0,43.0,-63.0,-81.0,-234.0,10.0,-71.0,41.0,-306.0,-267.0,60.0,-19.0,189.0,4.0,-23.0,156.0,2.0,247.0,-22.0,38.0,-35.0,232.0,56.0,73.0,-99.0,256.0,435.0,66.0,-125.0
6,2016-12,4081,116.0,-41.0,-26.0,728.0,-62.0,-4.0,113.0,238.0,15.0,-6.0,11.0,1447.0,-1512.0,38.0,-105.0,-94.0,-1051.0,-22.0,-10.0,102.0,189.0,-39.0,82.0,23.0,-146.0,-223.0,43.0,-63.0,-81.0,-234.0,10.0,-71.0,41.0,-306.0,-267.0,60.0,-19.0,189.0,4.0,-23.0,156.0,2.0,247.0,-22.0,38.0,-35.0,232.0,56.0,73.0,-99.0,256.0,435.0,66.0
6,2016-13,4340,259.0,116.0,-41.0,-26.0,728.0,-62.0,-4.0,113.0,238.0,15.0,-6.0,11.0,1447.0,-1512.0,38.0,-105.0,-94.0,-1051.0,-22.0,-10.0,102.0,189.0,-39.0,82.0,23.0,-146.0,-223.0,43.0,-63.0,-81.0,-234.0,10.0,-71.0,41.0,-306.0,-267.0,60.0,-19.0,189.0,4.0,-23.0,156.0,2.0,247.0,-22.0,38.0,-35.0,232.0,56.0,73.0,-99.0,256.0,435.0
6,2016-14,4739,399.0,259.0,116.0,-41.0,-26.0,728.0,-62.0,-4.0,113.0,238.0,15.0,-6.0,11.0,1447.0,-1512.0,38.0,-105.0,-94.0,-1051.0,-22.0,-10.0,102.0,189.0,-39.0,82.0,23.0,-146.0,-223.0,43.0,-63.0,-81.0,-234.0,10.0,-71.0,41.0,-306.0,-267.0,60.0,-19.0,189.0,4.0,-23.0,156.0,2.0,247.0,-22.0,38.0,-35.0,232.0,56.0,73.0,-99.0,256.0
6,2016-15,4565,-174.0,399.0,259.0,116.0,-41.0,-26.0,728.0,-62.0,-4.0,113.0,238.0,15.0,-6.0,11.0,1447.0,-1512.0,38.0,-105.0,-94.0,-1051.0,-22.0,-10.0,102.0,189.0,-39.0,82.0,23.0,-146.0,-223.0,43.0,-63.0,-81.0,-234.0,10.0,-71.0,41.0,-306.0,-267.0,60.0,-19.0,189.0,4.0,-23.0,156.0,2.0,247.0,-22.0,38.0,-35.0,232.0,56.0,73.0,-99.0
6,2016-16,4697,132.0,-174.0,399.0,259.0,116.0,-41.0,-26.0,728.0,-62.0,-4.0,113.0,238.0,15.0,-6.0,11.0,1447.0,-1512.0,38.0,-105.0,-94.0,-1051.0,-22.0,-10.0,102.0,189.0,-39.0,82.0,23.0,-146.0,-223.0,43.0,-63.0,-81.0,-234.0,10.0,-71.0,41.0,-306.0,-267.0,60.0,-19.0,189.0,4.0,-23.0,156.0,2.0,247.0,-22.0,38.0,-35.0,232.0,56.0,73.0
6,2016-17,4646,-51.0,132.0,-174.0,399.0,259.0,116.0,-41.0,-26.0,728.0,-62.0,-4.0,113.0,238.0,15.0,-6.0,11.0,1447.0,-1512.0,38.0,-105.0,-94.0,-1051.0,-22.0,-10.0,102.0,189.0,-39.0,82.0,23.0,-146.0,-223.0,43.0,-63.0,-81.0,-234.0,10.0,-71.0,41.0,-306.0,-267.0,60.0,-19.0,189.0,4.0,-23.0,156.0,2.0,247.0,-22.0,38.0,-35.0,232.0,56.0
6,2016-18,5109,463.0,-51.0,132.0,-174.0,399.0,259.0,116.0,-41.0,-26.0,728.0,-62.0,-4.0,113.0,238.0,15.0,-6.0,11.0,1447.0,-1512.0,38.0,-105.0,-94.0,-1051.0,-22.0,-10.0,102.0,189.0,-39.0,82.0,23.0,-146.0,-223.0,43.0,-63.0,-81.0,-234.0,10.0,-71.0,41.0,-306.0,-267.0,60.0,-19.0,189.0,4.0,-23.0,156.0,2.0,247.0,-22.0,38.0,-35.0,232.0
6,2016-19,5030,-79.0,463.0,-51.0,132.0,-174.0,399.0,259.0,116.0,-41.0,-26.0,728.0,-62.0,-4.0,113.0,238.0,15.0,-6.0,11.0,1447.0,-1512.0,38.0,-105.0,-94.0,-1051.0,-22.0,-10.0,102.0,189.0,-39.0,82.0,23.0,-146.0,-223.0,43.0,-63.0,-81.0,-234.0,10.0,-71.0,41.0,-306.0,-267.0,60.0,-19.0,189.0,4.0,-23.0,156.0,2.0,247.0,-22.0,38.0,-35.0
6,2016-20,4906,-124.0,-79.0,463.0,-51.0,132.0,-174.0,399.0,259.0,116.0,-41.0,-26.0,728.0,-62.0,-4.0,113.0,238.0,15.0,-6.0,11.0,1447.0,-1512.0,38.0,-105.0,-94.0,-1051.0,-22.0,-10.0,102.0,189.0,-39.0,82.0,23.0,-146.0,-223.0,43.0,-63.0,-81.0,-234.0,10.0,-71.0,41.0,-306.0,-267.0,60.0,-19.0,189.0,4.0,-23.0,156.0,2.0,247.0,-22.0,38.0
6,2016-21,5007,101.0,-124.0,-79.0,463.0,-51.0,132.0,-174.0,399.0,259.0,116.0,-41.0,-26.0,728.0,-62.0,-4.0,113.0,238.0,15.0,-6.0,11.0,1447.0,-1512.0,38.0,-105.0,-94.0,-1051.0,-22.0,-10.0,102.0,189.0,-39.0,82.0,23.0,-146.0,-223.0,43.0,-63.0,-81.0,-234.0,10.0,-71.0,41.0,-306.0,-267.0,60.0,-19.0,189.0,4.0,-23.0,156.0,2.0,247.0,-22.0
6,2016-22,5279,272.0,101.0,-124.0,-79.0,463.0,-51.0,132.0,-174.0,399.0,259.0,116.0,-41.0,-26.0,728.0,-62.0,-4.0,113.0,238.0,15.0,-6.0,11.0,1447.0,-1512.0,38.0,-105.0,-94.0,-1051.0,-22.0,-10.0,102.0,189.0,-39.0,82.0,23.0,-146.0,-223.0,43.0,-63.0,-81.0,-234.0,10.0,-71.0,41.0,-306.0,-267.0,60.0,-19.0,189.0,4.0,-23.0,156.0,2.0,247.0
6,2016-23,5404,125.0,272.0,101.0,-124.0,-79.0,463.0,-51.0,132.0,-174.0,399.0,259.0,116.0,-41.0,-26.0,728.0,-62.0,-4.0,113.0,238.0,15.0,-6.0,11.0,1447.0,-1512.0,38.0,-105.0,-94.0,-1051.0,-22.0,-10.0,102.0,189.0,-39.0,82.0,23.0,-146.0,-223.0,43.0,-63.0,-81.0,-234.0,10.0,-71.0,41.0,-306.0,-267.0,60.0,-19.0,189.0,4.0,-23.0,156.0,2.0
6,2016-24,5334,-70.0,125.0,272.0,101.0,-124.0,-79.0,463.0,-51.0,132.0,-174.0,399.0,259.0,116.0,-41.0,-26.0,728.0,-62.0,-4.0,113.0,238.0,15.0,-6.0,11.0,1447.0,-1512.0,38.0,-105.0,-94.0,-1051.0,-22.0,-10.0,102.0,189.0,-39.0,82.0,23.0,-146.0,-223.0,43.0,-63.0,-81.0,-234.0,10.0,-71.0,41.0,-306.0,-267.0,60.0,-19.0,189.0,4.0,-23.0,156.0
6,2016-25,5214,-120.0,-70.0,125.0,272.0,101.0,-124.0,-79.0,463.0,-51.0,132.0,-174.0,399.0,259.0,116.0,-41.0,-26.0,728.0,-62.0,-4.0,113.0,238.0,15.0,-6.0,11.0,1447.0,-1512.0,38.0,-105.0,-94.0,-1051.0,-22.0,-10.0,102.0,189.0,-39.0,82.0,23.0,-146.0,-223.0,43.0,-63.0,-81.0,-234.0,10.0,-71.0,41.0,-306.0,-267.0,60.0,-19.0,189.0,4.0,-23.0
6,2016-26,5587,373.0,-120.0,-70.0,125.0,272.0,101.0,-124.0,-79.0,463.0,-51.0,132.0,-174.0,399.0,259.0,116.0,-41.0,-26.0,728.0,-62.0,-4.0,113.0,238.0,15.0,-6.0,11.0,1447.0,-1512.0,38.0,-105.0,-94.0,-1051.0,-22.0,-10.0,102.0,189.0,-39.0,82.0,23.0,-146.0,-223.0,43.0,-63.0,-81.0,-234.0,10.0,-71.0,41.0,-306.0,-267.0,60.0,-19.0,189.0,4.0
6,2016-27,5809,222.0,373.0,-120.0,-70.0,125.0,272.0,101.0,-124.0,-79.0,463.0,-51.0,132.0,-174.0,399.0,259.0,116.0,-41.0,-26.0,728.0,-62.0,-4.0,113.0,238.0,15.0,-6.0,11.0,1447.0,-1512.0,38.0,-105.0,-94.0,-1051.0,-22.0,-10.0,102.0,189.0,-39.0,82.0,23.0,-146.0,-223.0,43.0,-63.0,-81.0,-234.0,10.0,-71.0,41.0,-306.0,-267.0,60.0,-19.0,189.0
6,2016-28,5706,-103.0,222.0,373.0,-120.0,-70.0,125.0,272.0,101.0,-124.0,-79.0,463.0,-51.0,132.0,-174.0,399.0,259.0,116.0,-41.0,-26.0,728.0,-62.0,-4.0,113.0,238.0,15.0,-6.0,11.0,1447.0,-1512.0,38.0,-105.0,-94.0,-1051.0,-22.0,-10.0,102.0,189.0,-39.0,82.0,23.0,-146.0,-223.0,43.0,-63.0,-81.0,-234.0,10.0,-71.0,41.0,-306.0,-267.0,60.0,-19.0
6,2016-29,5726,20.0,-103.0,222.0,373.0,-120.0,-70.0,125.0,272.0,101.0,-124.0,-79.0,463.0,-51.0,132.0,-174.0,399.0,259.0,116.0,-41.0,-26.0,728.0,-62.0,-4.0,113.0,238.0,15.0,-6.0,11.0,1447.0,-1512.0,38.0,-105.0,-94.0,-1051.0,-22.0,-10.0,102.0,189.0,-39.0,82.0,23.0,-146.0,-223.0,43.0,-63.0,-81.0,-234.0,10.0,-71.0,41.0,-306.0,-267.0,60.0
6,2016-30,5792,66.0,20.0,-103.0,222.0,373.0,-120.0,-70.0,125.0,272.0,101.0,-124.0,-79.0,463.0,-51.0,132.0,-174.0,399.0,259.0,116.0,-41.0,-26.0,728.0,-62.0,-4.0,113.0,238.0,15.0,-6.0,11.0,1447.0,-1512.0,38.0,-105.0,-94.0,-1051.0,-22.0,-10.0,102.0,189.0,-39.0,82.0,23.0,-146.0,-223.0,43.0,-63.0,-81.0,-234.0,10.0,-71.0,41.0,-306.0,-267.0
6,2016-31,4994,-798.0,66.0,20.0,-103.0,222.0,373.0,-120.0,-70.0,125.0,272.0,101.0,-124.0,-79.0,463.0,-51.0,132.0,-174.0,399.0,259.0,116.0,-41.0,-26.0,728.0,-62.0,-4.0,113.0,238.0,15.0,-6.0,11.0,1447.0,-1512.0,38.0,-105.0,-94.0,-1051.0,-22.0,-10.0,102.0,189.0,-39.0,82.0,23.0,-146.0,-223.0,43.0,-63.0,-81.0,-234.0,10.0,-71.0,41.0,-306.0
6,2016-32,5073,79.0,-798.0,66.0,20.0,-103.0,222.0,373.0,-120.0,-70.0,125.0,272.0,101.0,-124.0,-79.0,463.0,-51.0,132.0,-174.0,399.0,259.0,116.0,-41.0,-26.0,728.0,-62.0,-4.0,113.0,238.0,15.0,-6.0,11.0,1447.0,-1512.0,38.0,-105.0,-94.0,-1051.0,-22.0,-10.0,102.0,189.0,-39.0,82.0,23.0,-146.0,-223.0,43.0,-63.0,-81.0,-234.0,10.0,-71.0,41.0
6,2016-33,5027,-46.0,79.0,-798.0,66.0,20.0,-103.0,222.0,373.0,-120.0,-70.0,125.0,272.0,101.0,-124.0,-79.0,463.0,-51.0,132.0,-174.0,399.0,259.0,116.0,-41.0,-26.0,728.0,-62.0,-4.0,113.0,238.0,15.0,-6.0,11.0,1447.0,-1512.0,38.0,-105.0,-94.0,-1051.0,-22.0,-10.0,102.0,189.0,-39.0,82.0,23.0,-146.0,-223.0,43.0,-63.0,-81.0,-234.0,10.0,-71.0
6,2016-34,5141,114.0,-46.0,79.0,-798.0,66.0,20.0,-103.0,222.0,373.0,-120.0,-70.0,125.0,272.0,101.0,-124.0,-79.0,463.0,-51.0,132.0,-174.0,399.0,259.0,116.0,-41.0,-26.0,728.0,-62.0,-4.0,113.0,238.0,15.0,-6.0,11.0,1447.0,-1512.0,38.0,-105.0,-94.0,-1051.0,-22.0,-10.0,102.0,189.0,-39.0,82.0,23.0,-146.0,-223.0,43.0,-63.0,-81.0,-234.0,10.0
6,2016-35,4887,-254.0,114.0,-46.0,79.0,-798.0,66.0,20.0,-103.0,222.0,373.0,-120.0,-70.0,125.0,272.0,101.0,-124.0,-79.0,463.0,-51.0,132.0,-174.0,399.0,259.0,116.0,-41.0,-26.0,728.0,-62.0,-4.0,113.0,238.0,15.0,-6.0,11.0,1447.0,-1512.0,38.0,-105.0,-94.0,-1051.0,-22.0,-10.0,102.0,189.0,-39.0,82.0,23.0,-146.0,-223.0,43.0,-63.0,-81.0,-234.0
6,2016-36,4743,-144.0,-254.0,114.0,-46.0,79.0,-798.0,66.0,20.0,-103.0,222.0,373.0,-120.0,-70.0,125.0,272.0,101.0,-124.0,-79.0,463.0,-51.0,132.0,-174.0,399.0,259.0,116.0,-41.0,-26.0,728.0,-62.0,-4.0,113.0,238.0,15.0,-6.0,11.0,1447.0,-1512.0,38.0,-105.0,-94.0,-1051.0,-22.0,-10.0,102.0,189.0,-39.0,82.0,23.0,-146.0,-223.0,43.0,-63.0,-81.0
6,2016-37,4674,-69.0,-144.0,-254.0,114.0,-46.0,79.0,-798.0,66.0,20.0,-103.0,222.0,373.0,-120.0,-70.0,125.0,272.0,101.0,-124.0,-79.0,463.0,-51.0,132.0,-174.0,399.0,259.0,116.0,-41.0,-26.0,728.0,-62.0,-4.0,113.0,238.0,15.0,-6.0,11.0,1447.0,-1512.0,38.0,-105.0,-94.0,-1051.0,-22.0,-10.0,102.0,189.0,-39.0,82.0,23.0,-146.0,-223.0,43.0,-63.0
6,2016-38,4725,51.0,-69.0,-144.0,-254.0,114.0,-46.0,79.0,-798.0,66.0,20.0,-103.0,222.0,373.0,-120.0,-70.0,125.0,272.0,101.0,-124.0,-79.0,463.0,-51.0,132.0,-174.0,399.0,259.0,116.0,-41.0,-26.0,728.0,-62.0,-4.0,113.0,238.0,15.0,-6.0,11.0,1447.0,-1512.0,38.0,-105.0,-94.0,-1051.0,-22.0,-10.0,102.0,189.0,-39.0,82.0,23.0,-146.0,-223.0,43.0
6,2016-39,4595,-130.0,51.0,-69.0,-144.0,-254.0,114.0,-46.0,79.0,-798.0,66.0,20.0,-103.0,222.0,373.0,-120.0,-70.0,125.0,272.0,101.0,-124.0,-79.0,463.0,-51.0,132.0,-174.0,399.0,259.0,116.0,-41.0,-26.0,728.0,-62.0,-4.0,113.0,238.0,15.0,-6.0,11.0,1447.0,-1512.0,38.0,-105.0,-94.0,-1051.0,-22.0,-10.0,102.0,189.0,-39.0,82.0,23.0,-146.0,-223.0
6,2016-40,4407,-188.0,-130.0,51.0,-69.0,-144.0,-254.0,114.0,-46.0,79.0,-798.0,66.0,20.0,-103.0,222.0,373.0,-120.0,-70.0,125.0,272.0,101.0,-124.0,-79.0,463.0,-51.0,132.0,-174.0,399.0,259.0,116.0,-41.0,-26.0,728.0,-62.0,-4.0,113.0,238.0,15.0,-6.0,11.0,1447.0,-1512.0,38.0,-105.0,-94.0,-1051.0,-22.0,-10.0,102.0,189.0,-39.0,82.0,23.0,-146.0
6,2016-41,4404,-3.0,-188.0,-130.0,51.0,-69.0,-144.0,-254.0,114.0,-46.0,79.0,-798.0,66.0,20.0,-103.0,222.0,373.0,-120.0,-70.0,125.0,272.0,101.0,-124.0,-79.0,463.0,-51.0,132.0,-174.0,399.0,259.0,116.0,-41.0,-26.0,728.0,-62.0,-4.0,113.0,238.0,15.0,-6.0,11.0,1447.0,-1512.0,38.0,-105.0,-94.0,-1051.0,-22.0,-10.0,102.0,189.0,-39.0,82.0,23.0
6,2016-42,4357,-47.0,-3.0,-188.0,-130.0,51.0,-69.0,-144.0,-254.0,114.0,-46.0,79.0,-798.0,66.0,20.0,-103.0,222.0,373.0,-120.0,-70.0,125.0,272.0,101.0,-124.0,-79.0,463.0,-51.0,132.0,-174.0,399.0,259.0,116.0,-41.0,-26.0,728.0,-62.0,-4.0,113.0,238.0,15.0,-6.0,11.0,1447.0,-1512.0,38.0,-105.0,-94.0,-1051.0,-22.0,-10.0,102.0,189.0,-39.0,82.0
6,2016-43,4364,7.0,-47.0,-3.0,-188.0,-130.0,51.0,-69.0,-144.0,-254.0,114.0,-46.0,79.0,-798.0,66.0,20.0,-103.0,222.0,373.0,-120.0,-70.0,125.0,272.0,101.0,-124.0,-79.0,463.0,-51.0,132.0,-174.0,399.0,259.0,116.0,-41.0,-26.0,728.0,-62.0,-4.0,113.0,238.0,15.0,-6.0,11.0,1447.0,-1512.0,38.0,-105.0,-94.0,-1051.0,-22.0,-10.0,102.0,189.0,-39.0
6,2016-44,4752,388.0,7.0,-47.0,-3.0,-188.0,-130.0,51.0,-69.0,-144.0,-254.0,114.0,-46.0,79.0,-798.0,66.0,20.0,-103.0,222.0,373.0,-120.0,-70.0,125.0,272.0,101.0,-124.0,-79.0,463.0,-51.0,132.0,-174.0,399.0,259.0,116.0,-41.0,-26.0,728.0,-62.0,-4.0,113.0,238.0,15.0,-6.0,11.0,1447.0,-1512.0,38.0,-105.0,-94.0,-1051.0,-22.0,-10.0,102.0,189.0
6,2016-45,4607,-145.0,388.0,7.0,-47.0,-3.0,-188.0,-130.0,51.0,-69.0,-144.0,-254.0,114.0,-46.0,79.0,-798.0,66.0,20.0,-103.0,222.0,373.0,-120.0,-70.0,125.0,272.0,101.0,-124.0,-79.0,463.0,-51.0,132.0,-174.0,399.0,259.0,116.0,-41.0,-26.0,728.0,-62.0,-4.0,113.0,238.0,15.0,-6.0,11.0,1447.0,-1512.0,38.0,-105.0,-94.0,-1051.0,-22.0,-10.0,102.0
6,2016-46,4758,151.0,-145.0,388.0,7.0,-47.0,-3.0,-188.0,-130.0,51.0,-69.0,-144.0,-254.0,114.0,-46.0,79.0,-798.0,66.0,20.0,-103.0,222.0,373.0,-120.0,-70.0,125.0,272.0,101.0,-124.0,-79.0,463.0,-51.0,132.0,-174.0,399.0,259.0,116.0,-41.0,-26.0,728.0,-62.0,-4.0,113.0,238.0,15.0,-6.0,11.0,1447.0,-1512.0,38.0,-105.0,-94.0,-1051.0,-22.0,-10.0
6,2016-47,4632,-126.0,151.0,-145.0,388.0,7.0,-47.0,-3.0,-188.0,-130.0,51.0,-69.0,-144.0,-254.0,114.0,-46.0,79.0,-798.0,66.0,20.0,-103.0,222.0,373.0,-120.0,-70.0,125.0,272.0,101.0,-124.0,-79.0,463.0,-51.0,132.0,-174.0,399.0,259.0,116.0,-41.0,-26.0,728.0,-62.0,-4.0,113.0,238.0,15.0,-6.0,11.0,1447.0,-1512.0,38.0,-105.0,-94.0,-1051.0,-22.0
6,2016-48,3848,-784.0,-126.0,151.0,-145.0,388.0,7.0,-47.0,-3.0,-188.0,-130.0,51.0,-69.0,-144.0,-254.0,114.0,-46.0,79.0,-798.0,66.0,20.0,-103.0,222.0,373.0,-120.0,-70.0,125.0,272.0,101.0,-124.0,-79.0,463.0,-51.0,132.0,-174.0,399.0,259.0,116.0,-41.0,-26.0,728.0,-62.0,-4.0,113.0,238.0,15.0,-6.0,11.0,1447.0,-1512.0,38.0,-105.0,-94.0,-1051.0
6,2016-49,3292,-556.0,-784.0,-126.0,151.0,-145.0,388.0,7.0,-47.0,-3.0,-188.0,-130.0,51.0,-69.0,-144.0,-254.0,114.0,-46.0,79.0,-798.0,66.0,20.0,-103.0,222.0,373.0,-120.0,-70.0,125.0,272.0,101.0,-124.0,-79.0,463.0,-51.0,132.0,-174.0,399.0,259.0,116.0,-41.0,-26.0,728.0,-62.0,-4.0,113.0,238.0,15.0,-6.0,11.0,1447.0,-1512.0,38.0,-105.0,-94.0
6,2016-50,3325,33.0,-556.0,-784.0,-126.0,151.0,-145.0,388.0,7.0,-47.0,-3.0,-188.0,-130.0,51.0,-69.0,-144.0,-254.0,114.0,-46.0,79.0,-798.0,66.0,20.0,-103.0,222.0,373.0,-120.0,-70.0,125.0,272.0,101.0,-124.0,-79.0,463.0,-51.0,132.0,-174.0,399.0,259.0,116.0,-41.0,-26.0,728.0,-62.0,-4.0,113.0,238.0,15.0,-6.0,11.0,1447.0,-1512.0,38.0,-105.0
6,2016-51,3379,54.0,33.0,-556.0,-784.0,-126.0,151.0,-145.0,388.0,7.0,-47.0,-3.0,-188.0,-130.0,51.0,-69.0,-144.0,-254.0,114.0,-46.0,79.0,-798.0,66.0,20.0,-103.0,222.0,373.0,-120.0,-70.0,125.0,272.0,101.0,-124.0,-79.0,463.0,-51.0,132.0,-174.0,399.0,259.0,116.0,-41.0,-26.0,728.0,-62.0,-4.0,113.0,238.0,15.0,-6.0,11.0,1447.0,-1512.0,38.0
6,2016-52,2725,-654.0,54.0,33.0,-556.0,-784.0,-126.0,151.0,-145.0,388.0,7.0,-47.0,-3.0,-188.0,-130.0,51.0,-69.0,-144.0,-254.0,114.0,-46.0,79.0,-798.0,66.0,20.0,-103.0,222.0,373.0,-120.0,-70.0,125.0,272.0,101.0,-124.0,-79.0,463.0,-51.0,132.0,-174.0,399.0,259.0,116.0,-41.0,-26.0,728.0,-62.0,-4.0,113.0,238.0,15.0,-6.0,11.0,1447.0,-1512.0
6,2016-53,1460,-1265.0,-654.0,54.0,33.0,-556.0,-784.0,-126.0,151.0,-145.0,388.0,7.0,-47.0,-3.0,-188.0,-130.0,51.0,-69.0,-144.0,-254.0,114.0,-46.0,79.0,-798.0,66.0,20.0,-103.0,222.0,373.0,-120.0,-70.0,125.0,272.0,101.0,-124.0,-79.0,463.0,-51.0,132.0,-174.0,399.0,259.0,116.0,-41.0,-26.0,728.0,-62.0,-4.0,113.0,238.0,15.0,-6.0,11.0,1447.0
6,2017-01,3189,1729.0,-1265.0,-654.0,54.0,33.0,-556.0,-784.0,-126.0,151.0,-145.0,388.0,7.0,-47.0,-3.0,-188.0,-130.0,51.0,-69.0,-144.0,-254.0,114.0,-46.0,79.0,-798.0,66.0,20.0,-103.0,222.0,373.0,-120.0,-70.0,125.0,272.0,101.0,-124.0,-79.0,463.0,-51.0,132.0,-174.0,399.0,259.0,116.0,-41.0,-26.0,728.0,-62.0,-4.0,113.0,238.0,15.0,-6.0,11.0
6,2017-02,3228,39.0,1729.0,-1265.0,-654.0,54.0,33.0,-556.0,-784.0,-126.0,151.0,-145.0,388.0,7.0,-47.0,-3.0,-188.0,-130.0,51.0,-69.0,-144.0,-254.0,114.0,-46.0,79.0,-798.0,66.0,20.0,-103.0,222.0,373.0,-120.0,-70.0,125.0,272.0,101.0,-124.0,-79.0,463.0,-51.0,132.0,-174.0,399.0,259.0,116.0,-41.0,-26.0,728.0,-62.0,-4.0,113.0,238.0,15.0,-6.0
6,2017-03,3155,-73.0,39.0,1729.0,-1265.0,-654.0,54.0,33.0,-556.0,-784.0,-126.0,151.0,-145.0,388.0,7.0,-47.0,-3.0,-188.0,-130.0,51.0,-69.0,-144.0,-254.0,114.0,-46.0,79.0,-798.0,66.0,20.0,-103.0,222.0,373.0,-120.0,-70.0,125.0,272.0,101.0,-124.0,-79.0,463.0,-51.0,132.0,-174.0,399.0,259.0,116.0,-41.0,-26.0,728.0,-62.0,-4.0,113.0,238.0,15.0
6,2017-04,3181,26.0,-73.0,39.0,1729.0,-1265.0,-654.0,54.0,33.0,-556.0,-784.0,-126.0,151.0,-145.0,388.0,7.0,-47.0,-3.0,-188.0,-130.0,51.0,-69.0,-144.0,-254.0,114.0,-46.0,79.0,-798.0,66.0,20.0,-103.0,222.0,373.0,-120.0,-70.0,125.0,272.0,101.0,-124.0,-79.0,463.0,-51.0,132.0,-174.0,399.0,259.0,116.0,-41.0,-26.0,728.0,-62.0,-4.0,113.0,238.0
6,2017-05,3355,174.0,26.0,-73.0,39.0,1729.0,-1265.0,-654.0,54.0,33.0,-556.0,-784.0,-126.0,151.0,-145.0,388.0,7.0,-47.0,-3.0,-188.0,-130.0,51.0,-69.0,-144.0,-254.0,114.0,-46.0,79.0,-798.0,66.0,20.0,-103.0,222.0,373.0,-120.0,-70.0,125.0,272.0,101.0,-124.0,-79.0,463.0,-51.0,132.0,-174.0,399.0,259.0,116.0,-41.0,-26.0,728.0,-62.0,-4.0,113.0
6,2017-06,3438,83.0,174.0,26.0,-73.0,39.0,1729.0,-1265.0,-654.0,54.0,33.0,-556.0,-784.0,-126.0,151.0,-145.0,388.0,7.0,-47.0,-3.0,-188.0,-130.0,51.0,-69.0,-144.0,-254.0,114.0,-46.0,79.0,-798.0,66.0,20.0,-103.0,222.0,373.0,-120.0,-70.0,125.0,272.0,101.0,-124.0,-79.0,463.0,-51.0,132.0,-174.0,399.0,259.0,116.0,-41.0,-26.0,728.0,-62.0,-4.0
6,2017-07,3451,13.0,83.0,174.0,26.0,-73.0,39.0,1729.0,-1265.0,-654.0,54.0,33.0,-556.0,-784.0,-126.0,151.0,-145.0,388.0,7.0,-47.0,-3.0,-188.0,-130.0,51.0,-69.0,-144.0,-254.0,114.0,-46.0,79.0,-798.0,66.0,20.0,-103.0,222.0,373.0,-120.0,-70.0,125.0,272.0,101.0,-124.0,-79.0,463.0,-51.0,132.0,-174.0,399.0,259.0,116.0,-41.0,-26.0,728.0,-62.0
6,2017-08,3482,31.0,13.0,83.0,174.0,26.0,-73.0,39.0,1729.0,-1265.0,-654.0,54.0,33.0,-556.0,-784.0,-126.0,151.0,-145.0,388.0,7.0,-47.0,-3.0,-188.0,-130.0,51.0,-69.0,-144.0,-254.0,114.0,-46.0,79.0,-798.0,66.0,20.0,-103.0,222.0,373.0,-120.0,-70.0,125.0,272.0,101.0,-124.0,-79.0,463.0,-51.0,132.0,-174.0,399.0,259.0,116.0,-41.0,-26.0,728.0
6,2017-09,3930,448.0,31.0,13.0,83.0,174.0,26.0,-73.0,39.0,1729.0,-1265.0,-654.0,54.0,33.0,-556.0,-784.0,-126.0,151.0,-145.0,388.0,7.0,-47.0,-3.0,-188.0,-130.0,51.0,-69.0,-144.0,-254.0,114.0,-46.0,79.0,-798.0,66.0,20.0,-103.0,222.0,373.0,-120.0,-70.0,125.0,272.0,101.0,-124.0,-79.0,463.0,-51.0,132.0,-174.0,399.0,259.0,116.0,-41.0,-26.0
6,2017-10,4183,253.0,448.0,31.0,13.0,83.0,174.0,26.0,-73.0,39.0,1729.0,-1265.0,-654.0,54.0,33.0,-556.0,-784.0,-126.0,151.0,-145.0,388.0,7.0,-47.0,-3.0,-188.0,-130.0,51.0,-69.0,-144.0,-254.0,114.0,-46.0,79.0,-798.0,66.0,20.0,-103.0,222.0,373.0,-120.0,-70.0,125.0,272.0,101.0,-124.0,-79.0,463.0,-51.0,132.0,-174.0,399.0,259.0,116.0,-41.0
6,2017-11,4193,10.0,253.0,448.0,31.0,13.0,83.0,174.0,26.0,-73.0,39.0,1729.0,-1265.0,-654.0,54.0,33.0,-556.0,-784.0,-126.0,151.0,-145.0,388.0,7.0,-47.0,-3.0,-188.0,-130.0,51.0,-69.0,-144.0,-254.0,114.0,-46.0,79.0,-798.0,66.0,20.0,-103.0,222.0,373.0,-120.0,-70.0,125.0,272.0,101.0,-124.0,-79.0,463.0,-51.0,132.0,-174.0,399.0,259.0,116.0
6,2017-12,4168,-25.0,10.0,253.0,448.0,31.0,13.0,83.0,174.0,26.0,-73.0,39.0,1729.0,-1265.0,-654.0,54.0,33.0,-556.0,-784.0,-126.0,151.0,-145.0,388.0,7.0,-47.0,-3.0,-188.0,-130.0,51.0,-69.0,-144.0,-254.0,114.0,-46.0,79.0,-798.0,66.0,20.0,-103.0,222.0,373.0,-120.0,-70.0,125.0,272.0,101.0,-124.0,-79.0,463.0,-51.0,132.0,-174.0,399.0,259.0
6,2017-13,4267,99.0,-25.0,10.0,253.0,448.0,31.0,13.0,83.0,174.0,26.0,-73.0,39.0,1729.0,-1265.0,-654.0,54.0,33.0,-556.0,-784.0,-126.0,151.0,-145.0,388.0,7.0,-47.0,-3.0,-188.0,-130.0,51.0,-69.0,-144.0,-254.0,114.0,-46.0,79.0,-798.0,66.0,20.0,-103.0,222.0,373.0,-120.0,-70.0,125.0,272.0,101.0,-124.0,-79.0,463.0,-51.0,132.0,-174.0,399.0
6,2017-14,4951,684.0,99.0,-25.0,10.0,253.0,448.0,31.0,13.0,83.0,174.0,26.0,-73.0,39.0,1729.0,-1265.0,-654.0,54.0,33.0,-556.0,-784.0,-126.0,151.0,-145.0,388.0,7.0,-47.0,-3.0,-188.0,-130.0,51.0,-69.0,-144.0,-254.0,114.0,-46.0,79.0,-798.0,66.0,20.0,-103.0,222.0,373.0,-120.0,-70.0,125.0,272.0,101.0,-124.0,-79.0,463.0,-51.0,132.0,-174.0
6,2017-15,4892,-59.0,684.0,99.0,-25.0,10.0,253.0,448.0,31.0,13.0,83.0,174.0,26.0,-73.0,39.0,1729.0,-1265.0,-654.0,54.0,33.0,-556.0,-784.0,-126.0,151.0,-145.0,388.0,7.0,-47.0,-3.0,-188.0,-130.0,51.0,-69.0,-144.0,-254.0,114.0,-46.0,79.0,-798.0,66.0,20.0,-103.0,222.0,373.0,-120.0,-70.0,125.0,272.0,101.0,-124.0,-79.0,463.0,-51.0,132.0
6,2017-16,4971,79.0,-59.0,684.0,99.0,-25.0,10.0,253.0,448.0,31.0,13.0,83.0,174.0,26.0,-73.0,39.0,1729.0,-1265.0,-654.0,54.0,33.0,-556.0,-784.0,-126.0,151.0,-145.0,388.0,7.0,-47.0,-3.0,-188.0,-130.0,51.0,-69.0,-144.0,-254.0,114.0,-46.0,79.0,-798.0,66.0,20.0,-103.0,222.0,373.0,-120.0,-70.0,125.0,272.0,101.0,-124.0,-79.0,463.0,-51.0
6,2017-17,4859,-112.0,79.0,-59.0,684.0,99.0,-25.0,10.0,253.0,448.0,31.0,13.0,83.0,174.0,26.0,-73.0,39.0,1729.0,-1265.0,-654.0,54.0,33.0,-556.0,-784.0,-126.0,151.0,-145.0,388.0,7.0,-47.0,-3.0,-188.0,-130.0,51.0,-69.0,-144.0,-254.0,114.0,-46.0,79.0,-798.0,66.0,20.0,-103.0,222.0,373.0,-120.0,-70.0,125.0,272.0,101.0,-124.0,-79.0,463.0
6,2017-18,5120,261.0,-112.0,79.0,-59.0,684.0,99.0,-25.0,10.0,253.0,448.0,31.0,13.0,83.0,174.0,26.0,-73.0,39.0,1729.0,-1265.0,-654.0,54.0,33.0,-556.0,-784.0,-126.0,151.0,-145.0,388.0,7.0,-47.0,-3.0,-188.0,-130.0,51.0,-69.0,-144.0,-254.0,114.0,-46.0,79.0,-798.0,66.0,20.0,-103.0,222.0,373.0,-120.0,-70.0,125.0,272.0,101.0,-124.0,-79.0
6,2017-19,5118,-2.0,261.0,-112.0,79.0,-59.0,684.0,99.0,-25.0,10.0,253.0,448.0,31.0,13.0,83.0,174.0,26.0,-73.0,39.0,1729.0,-1265.0,-654.0,54.0,33.0,-556.0,-784.0,-126.0,151.0,-145.0,388.0,7.0,-47.0,-3.0,-188.0,-130.0,51.0,-69.0,-144.0,-254.0,114.0,-46.0,79.0,-798.0,66.0,20.0,-103.0,222.0,373.0,-120.0,-70.0,125.0,272.0,101.0,-124.0
6,2017-20,5301,183.0,-2.0,261.0,-112.0,79.0,-59.0,684.0,99.0,-25.0,10.0,253.0,448.0,31.0,13.0,83.0,174.0,26.0,-73.0,39.0,1729.0,-1265.0,-654.0,54.0,33.0,-556.0,-784.0,-126.0,151.0,-145.0,388.0,7.0,-47.0,-3.0,-188.0,-130.0,51.0,-69.0,-144.0,-254.0,114.0,-46.0,79.0,-798.0,66.0,20.0,-103.0,222.0,373.0,-120.0,-70.0,125.0,272.0,101.0
6,2017-21,5220,-81.0,183.0,-2.0,261.0,-112.0,79.0,-59.0,684.0,99.0,-25.0,10.0,253.0,448.0,31.0,13.0,83.0,174.0,26.0,-73.0,39.0,1729.0,-1265.0,-654.0,54.0,33.0,-556.0,-784.0,-126.0,151.0,-145.0,388.0,7.0,-47.0,-3.0,-188.0,-130.0,51.0,-69.0,-144.0,-254.0,114.0,-46.0,79.0,-798.0,66.0,20.0,-103.0,222.0,373.0,-120.0,-70.0,125.0,272.0
6,2017-22,5440,220.0,-81.0,183.0,-2.0,261.0,-112.0,79.0,-59.0,684.0,99.0,-25.0,10.0,253.0,448.0,31.0,13.0,83.0,174.0,26.0,-73.0,39.0,1729.0,-1265.0,-654.0,54.0,33.0,-556.0,-784.0,-126.0,151.0,-145.0,388.0,7.0,-47.0,-3.0,-188.0,-130.0,51.0,-69.0,-144.0,-254.0,114.0,-46.0,79.0,-798.0,66.0,20.0,-103.0,222.0,373.0,-120.0,-70.0,125.0
6,2017-23,5537,97.0,220.0,-81.0,183.0,-2.0,261.0,-112.0,79.0,-59.0,684.0,99.0,-25.0,10.0,253.0,448.0,31.0,13.0,83.0,174.0,26.0,-73.0,39.0,1729.0,-1265.0,-654.0,54.0,33.0,-556.0,-784.0,-126.0,151.0,-145.0,388.0,7.0,-47.0,-3.0,-188.0,-130.0,51.0,-69.0,-144.0,-254.0,114.0,-46.0,79.0,-798.0,66.0,20.0,-103.0,222.0,373.0,-120.0,-70.0
6,2017-24,5629,92.0,97.0,220.0,-81.0,183.0,-2.0,261.0,-112.0,79.0,-59.0,684.0,99.0,-25.0,10.0,253.0,448.0,31.0,13.0,83.0,174.0,26.0,-73.0,39.0,1729.0,-1265.0,-654.0,54.0,33.0,-556.0,-784.0,-126.0,151.0,-145.0,388.0,7.0,-47.0,-3.0,-188.0,-130.0,51.0,-69.0,-144.0,-254.0,114.0,-46.0,79.0,-798.0,66.0,20.0,-103.0,222.0,373.0,-120.0
6,2017-25,5558,-71.0,92.0,97.0,220.0,-81.0,183.0,-2.0,261.0,-112.0,79.0,-59.0,684.0,99.0,-25.0,10.0,253.0,448.0,31.0,13.0,83.0,174.0,26.0,-73.0,39.0,1729.0,-1265.0,-654.0,54.0,33.0,-556.0,-784.0,-126.0,151.0,-145.0,388.0,7.0,-47.0,-3.0,-188.0,-130.0,51.0,-69.0,-144.0,-254.0,114.0,-46.0,79.0,-798.0,66.0,20.0,-103.0,222.0,373.0
6,2017-26,5706,148.0,-71.0,92.0,97.0,220.0,-81.0,183.0,-2.0,261.0,-112.0,79.0,-59.0,684.0,99.0,-25.0,10.0,253.0,448.0,31.0,13.0,83.0,174.0,26.0,-73.0,39.0,1729.0,-1265.0,-654.0,54.0,33.0,-556.0,-784.0,-126.0,151.0,-145.0,388.0,7.0,-47.0,-3.0,-188.0,-130.0,51.0,-69.0,-144.0,-254.0,114.0,-46.0,79.0,-798.0,66.0,20.0,-103.0,222.0
6,2017-27,5818,112.0,148.0,-71.0,92.0,97.0,220.0,-81.0,183.0,-2.0,261.0,-112.0,79.0,-59.0,684.0,99.0,-25.0,10.0,253.0,448.0,31.0,13.0,83.0,174.0,26.0,-73.0,39.0,1729.0,-1265.0,-654.0,54.0,33.0,-556.0,-784.0,-126.0,151.0,-145.0,388.0,7.0,-47.0,-3.0,-188.0,-130.0,51.0,-69.0,-144.0,-254.0,114.0,-46.0,79.0,-798.0,66.0,20.0,-103.0
6,2017-28,5901,83.0,112.0,148.0,-71.0,92.0,97.0,220.0,-81.0,183.0,-2.0,261.0,-112.0,79.0,-59.0,684.0,99.0,-25.0,10.0,253.0,448.0,31.0,13.0,83.0,174.0,26.0,-73.0,39.0,1729.0,-1265.0,-654.0,54.0,33.0,-556.0,-784.0,-126.0,151.0,-145.0,388.0,7.0,-47.0,-3.0,-188.0,-130.0,51.0,-69.0,-144.0,-254.0,114.0,-46.0,79.0,-798.0,66.0,20.0
6,2017-29,5803,-98.0,83.0,112.0,148.0,-71.0,92.0,97.0,220.0,-81.0,183.0,-2.0,261.0,-112.0,79.0,-59.0,684.0,99.0,-25.0,10.0,253.0,448.0,31.0,13.0,83.0,174.0,26.0,-73.0,39.0,1729.0,-1265.0,-654.0,54.0,33.0,-556.0,-784.0,-126.0,151.0,-145.0,388.0,7.0,-47.0,-3.0,-188.0,-130.0,51.0,-69.0,-144.0,-254.0,114.0,-46.0,79.0,-798.0,66.0
6,2017-30,5929,126.0,-98.0,83.0,112.0,148.0,-71.0,92.0,97.0,220.0,-81.0,183.0,-2.0,261.0,-112.0,79.0,-59.0,684.0,99.0,-25.0,10.0,253.0,448.0,31.0,13.0,83.0,174.0,26.0,-73.0,39.0,1729.0,-1265.0,-654.0,54.0,33.0,-556.0,-784.0,-126.0,151.0,-145.0,388.0,7.0,-47.0,-3.0,-188.0,-130.0,51.0,-69.0,-144.0,-254.0,114.0,-46.0,79.0,-798.0
6,2017-31,5260,-669.0,126.0,-98.0,83.0,112.0,148.0,-71.0,92.0,97.0,220.0,-81.0,183.0,-2.0,261.0,-112.0,79.0,-59.0,684.0,99.0,-25.0,10.0,253.0,448.0,31.0,13.0,83.0,174.0,26.0,-73.0,39.0,1729.0,-1265.0,-654.0,54.0,33.0,-556.0,-784.0,-126.0,151.0,-145.0,388.0,7.0,-47.0,-3.0,-188.0,-130.0,51.0,-69.0,-144.0,-254.0,114.0,-46.0,79.0
6,2017-32,5226,-34.0,-669.0,126.0,-98.0,83.0,112.0,148.0,-71.0,92.0,97.0,220.0,-81.0,183.0,-2.0,261.0,-112.0,79.0,-59.0,684.0,99.0,-25.0,10.0,253.0,448.0,31.0,13.0,83.0,174.0,26.0,-73.0,39.0,1729.0,-1265.0,-654.0,54.0,33.0,-556.0,-784.0,-126.0,151.0,-145.0,388.0,7.0,-47.0,-3.0,-188.0,-130.0,51.0,-69.0,-144.0,-254.0,114.0,-46.0
6,2017-33,5261,35.0,-34.0,-669.0,126.0,-98.0,83.0,112.0,148.0,-71.0,92.0,97.0,220.0,-81.0,183.0,-2.0,261.0,-112.0,79.0,-59.0,684.0,99.0,-25.0,10.0,253.0,448.0,31.0,13.0,83.0,174.0,26.0,-73.0,39.0,1729.0,-1265.0,-654.0,54.0,33.0,-556.0,-784.0,-126.0,151.0,-145.0,388.0,7.0,-47.0,-3.0,-188.0,-130.0,51.0,-69.0,-144.0,-254.0,114.0
6,2017-34,5258,-3.0,35.0,-34.0,-669.0,126.0,-98.0,83.0,112.0,148.0,-71.0,92.0,97.0,220.0,-81.0,183.0,-2.0,261.0,-112.0,79.0,-59.0,684.0,99.0,-25.0,10.0,253.0,448.0,31.0,13.0,83.0,174.0,26.0,-73.0,39.0,1729.0,-1265.0,-654.0,54.0,33.0,-556.0,-784.0,-126.0,151.0,-145.0,388.0,7.0,-47.0,-3.0,-188.0,-130.0,51.0,-69.0,-144.0,-254.0
6,2017-35,4971,-287.0,-3.0,35.0,-34.0,-669.0,126.0,-98.0,83.0,112.0,148.0,-71.0,92.0,97.0,220.0,-81.0,183.0,-2.0,261.0,-112.0,79.0,-59.0,684.0,99.0,-25.0,10.0,253.0,448.0,31.0,13.0,83.0,174.0,26.0,-73.0,39.0,1729.0,-1265.0,-654.0,54.0,33.0,-556.0,-784.0,-126.0,151.0,-145.0,388.0,7.0,-47.0,-3.0,-188.0,-130.0,51.0,-69.0,-144.0
6,2017-36,4774,-197.0,-287.0,-3.0,35.0,-34.0,-669.0,126.0,-98.0,83.0,112.0,148.0,-71.0,92.0,97.0,220.0,-81.0,183.0,-2.0,261.0,-112.0,79.0,-59.0,684.0,99.0,-25.0,10.0,253.0,448.0,31.0,13.0,83.0,174.0,26.0,-73.0,39.0,1729.0,-1265.0,-654.0,54.0,33.0,-556.0,-784.0,-126.0,151.0,-145.0,388.0,7.0,-47.0,-3.0,-188.0,-130.0,51.0,-69.0
6,2017-37,4832,58.0,-197.0,-287.0,-3.0,35.0,-34.0,-669.0,126.0,-98.0,83.0,112.0,148.0,-71.0,92.0,97.0,220.0,-81.0,183.0,-2.0,261.0,-112.0,79.0,-59.0,684.0,99.0,-25.0,10.0,253.0,448.0,31.0,13.0,83.0,174.0,26.0,-73.0,39.0,1729.0,-1265.0,-654.0,54.0,33.0,-556.0,-784.0,-126.0,151.0,-145.0,388.0,7.0,-47.0,-3.0,-188.0,-130.0,51.0
6,2017-38,4784,-48.0,58.0,-197.0,-287.0,-3.0,35.0,-34.0,-669.0,126.0,-98.0,83.0,112.0,148.0,-71.0,92.0,97.0,220.0,-81.0,183.0,-2.0,261.0,-112.0,79.0,-59.0,684.0,99.0,-25.0,10.0,253.0,448.0,31.0,13.0,83.0,174.0,26.0,-73.0,39.0,1729.0,-1265.0,-654.0,54.0,33.0,-556.0,-784.0,-126.0,151.0,-145.0,388.0,7.0,-47.0,-3.0,-188.0,-130.0
6,2017-39,4810,26.0,-48.0,58.0,-197.0,-287.0,-3.0,35.0,-34.0,-669.0,126.0,-98.0,83.0,112.0,148.0,-71.0,92.0,97.0,220.0,-81.0,183.0,-2.0,261.0,-112.0,79.0,-59.0,684.0,99.0,-25.0,10.0,253.0,448.0,31.0,13.0,83.0,174.0,26.0,-73.0,39.0,1729.0,-1265.0,-654.0,54.0,33.0,-556.0,-784.0,-126.0,151.0,-145.0,388.0,7.0,-47.0,-3.0,-188.0
6,2017-40,4558,-252.0,26.0,-48.0,58.0,-197.0,-287.0,-3.0,35.0,-34.0,-669.0,126.0,-98.0,83.0,112.0,148.0,-71.0,92.0,97.0,220.0,-81.0,183.0,-2.0,261.0,-112.0,79.0,-59.0,684.0,99.0,-25.0,10.0,253.0,448.0,31.0,13.0,83.0,174.0,26.0,-73.0,39.0,1729.0,-1265.0,-654.0,54.0,33.0,-556.0,-784.0,-126.0,151.0,-145.0,388.0,7.0,-47.0,-3.0
6,2017-41,4441,-117.0,-252.0,26.0,-48.0,58.0,-197.0,-287.0,-3.0,35.0,-34.0,-669.0,126.0,-98.0,83.0,112.0,148.0,-71.0,92.0,97.0,220.0,-81.0,183.0,-2.0,261.0,-112.0,79.0,-59.0,684.0,99.0,-25.0,10.0,253.0,448.0,31.0,13.0,83.0,174.0,26.0,-73.0,39.0,1729.0,-1265.0,-654.0,54.0,33.0,-556.0,-784.0,-126.0,151.0,-145.0,388.0,7.0,-47.0
6,2017-42,4519,78.0,-117.0,-252.0,26.0,-48.0,58.0,-197.0,-287.0,-3.0,35.0,-34.0,-669.0,126.0,-98.0,83.0,112.0,148.0,-71.0,92.0,97.0,220.0,-81.0,183.0,-2.0,261.0,-112.0,79.0,-59.0,684.0,99.0,-25.0,10.0,253.0,448.0,31.0,13.0,83.0,174.0,26.0,-73.0,39.0,1729.0,-1265.0,-654.0,54.0,33.0,-556.0,-784.0,-126.0,151.0,-145.0,388.0,7.0
6,2017-43,4466,-53.0,78.0,-117.0,-252.0,26.0,-48.0,58.0,-197.0,-287.0,-3.0,35.0,-34.0,-669.0,126.0,-98.0,83.0,112.0,148.0,-71.0,92.0,97.0,220.0,-81.0,183.0,-2.0,261.0,-112.0,79.0,-59.0,684.0,99.0,-25.0,10.0,253.0,448.0,31.0,13.0,83.0,174.0,26.0,-73.0,39.0,1729.0,-1265.0,-654.0,54.0,33.0,-556.0,-784.0,-126.0,151.0,-145.0,388.0
6,2017-44,4671,205.0,-53.0,78.0,-117.0,-252.0,26.0,-48.0,58.0,-197.0,-287.0,-3.0,35.0,-34.0,-669.0,126.0,-98.0,83.0,112.0,148.0,-71.0,92.0,97.0,220.0,-81.0,183.0,-2.0,261.0,-112.0,79.0,-59.0,684.0,99.0,-25.0,10.0,253.0,448.0,31.0,13.0,83.0,174.0,26.0,-73.0,39.0,1729.0,-1265.0,-654.0,54.0,33.0,-556.0,-784.0,-126.0,151.0,-145.0
6,2017-45,4688,17.0,205.0,-53.0,78.0,-117.0,-252.0,26.0,-48.0,58.0,-197.0,-287.0,-3.0,35.0,-34.0,-669.0,126.0,-98.0,83.0,112.0,148.0,-71.0,92.0,97.0,220.0,-81.0,183.0,-2.0,261.0,-112.0,79.0,-59.0,684.0,99.0,-25.0,10.0,253.0,448.0,31.0,13.0,83.0,174.0,26.0,-73.0,39.0,1729.0,-1265.0,-654.0,54.0,33.0,-556.0,-784.0,-126.0,151.0
6,2017-46,4899,211.0,17.0,205.0,-53.0,78.0,-117.0,-252.0,26.0,-48.0,58.0,-197.0,-287.0,-3.0,35.0,-34.0,-669.0,126.0,-98.0,83.0,112.0,148.0,-71.0,92.0,97.0,220.0,-81.0,183.0,-2.0,261.0,-112.0,79.0,-59.0,684.0,99.0,-25.0,10.0,253.0,448.0,31.0,13.0,83.0,174.0,26.0,-73.0,39.0,1729.0,-1265.0,-654.0,54.0,33.0,-556.0,-784.0,-126.0
6,2017-47,4862,-37.0,211.0,17.0,205.0,-53.0,78.0,-117.0,-252.0,26.0,-48.0,58.0,-197.0,-287.0,-3.0,35.0,-34.0,-669.0,126.0,-98.0,83.0,112.0,148.0,-71.0,92.0,97.0,220.0,-81.0,183.0,-2.0,261.0,-112.0,79.0,-59.0,684.0,99.0,-25.0,10.0,253.0,448.0,31.0,13.0,83.0,174.0,26.0,-73.0,39.0,1729.0,-1265.0,-654.0,54.0,33.0,-556.0,-784.0
6,2017-48,4262,-600.0,-37.0,211.0,17.0,205.0,-53.0,78.0,-117.0,-252.0,26.0,-48.0,58.0,-197.0,-287.0,-3.0,35.0,-34.0,-669.0,126.0,-98.0,83.0,112.0,148.0,-71.0,92.0,97.0,220.0,-81.0,183.0,-2.0,261.0,-112.0,79.0,-59.0,684.0,99.0,-25.0,10.0,253.0,448.0,31.0,13.0,83.0,174.0,26.0,-73.0,39.0,1729.0,-1265.0,-654.0,54.0,33.0,-556.0
6,2017-49,3590,-672.0,-600.0,-37.0,211.0,17.0,205.0,-53.0,78.0,-117.0,-252.0,26.0,-48.0,58.0,-197.0,-287.0,-3.0,35.0,-34.0,-669.0,126.0,-98.0,83.0,112.0,148.0,-71.0,92.0,97.0,220.0,-81.0,183.0,-2.0,261.0,-112.0,79.0,-59.0,684.0,99.0,-25.0,10.0,253.0,448.0,31.0,13.0,83.0,174.0,26.0,-73.0,39.0,1729.0,-1265.0,-654.0,54.0,33.0
6,2017-50,3532,-58.0,-672.0,-600.0,-37.0,211.0,17.0,205.0,-53.0,78.0,-117.0,-252.0,26.0,-48.0,58.0,-197.0,-287.0,-3.0,35.0,-34.0,-669.0,126.0,-98.0,83.0,112.0,148.0,-71.0,92.0,97.0,220.0,-81.0,183.0,-2.0,261.0,-112.0,79.0,-59.0,684.0,99.0,-25.0,10.0,253.0,448.0,31.0,13.0,83.0,174.0,26.0,-73.0,39.0,1729.0,-1265.0,-654.0,54.0
6,2017-51,3483,-49.0,-58.0,-672.0,-600.0,-37.0,211.0,17.0,205.0,-53.0,78.0,-117.0,-252.0,26.0,-48.0,58.0,-197.0,-287.0,-3.0,35.0,-34.0,-669.0,126.0,-98.0,83.0,112.0,148.0,-71.0,92.0,97.0,220.0,-81.0,183.0,-2.0,261.0,-112.0,79.0,-59.0,684.0,99.0,-25.0,10.0,253.0,448.0,31.0,13.0,83.0,174.0,26.0,-73.0,39.0,1729.0,-1265.0,-654.0
6,2017-52,3869,386.0,-49.0,-58.0,-672.0,-600.0,-37.0,211.0,17.0,205.0,-53.0,78.0,-117.0,-252.0,26.0,-48.0,58.0,-197.0,-287.0,-3.0,35.0,-34.0,-669.0,126.0,-98.0,83.0,112.0,148.0,-71.0,92.0,97.0,220.0,-81.0,183.0,-2.0,261.0,-112.0,79.0,-59.0,684.0,99.0,-25.0,10.0,253.0,448.0,31.0,13.0,83.0,174.0,26.0,-73.0,39.0,1729.0,-1265.0
