item,date,sales,sales_diff,lag_1,lag_2,lag_3,lag_4,lag_5,lag_6,lag_7,lag_8,lag_9,lag_10,lag_11,lag_12,lag_13,lag_14,lag_15,lag_16,lag_17,lag_18,lag_19,lag_20,lag_21,lag_22,lag_23,lag_24,lag_25,lag_26,lag_27,lag_28,lag_29,lag_30,lag_31,lag_32,lag_33,lag_34,lag_35,lag_36,lag_37,lag_38,lag_39,lag_40,lag_41,lag_42,lag_43,lag_44,lag_45,lag_46,lag_47,lag_48,lag_49,lag_50,lag_51,lag_52
5,2014-02,847,-98.0,135.0,12.0,13.0,-50.0,-275.0,-32.0,43.0,-31.0,20.0,77.0,-34.0,63.0,-67.0,-5.0,-70.0,-46.0,81.0,-91.0,-53.0,60.0,36.0,-84.0,-138.0,32.0,5.0,-37.0,75.0,26.0,-33.0,12.0,26.0,58.0,-37.0,66.0,-8.0,53.0,44.0,15.0,-22.0,122.0,33.0,-43.0,49.0,94.0,28.0,12.0,26.0,27.0,16.0,41.0,9.0,-102.0
5,2014-03,809,-38.0,-98.0,135.0,12.0,13.0,-50.0,-275.0,-32.0,43.0,-31.0,20.0,77.0,-34.0,63.0,-67.0,-5.0,-70.0,-46.0,81.0,-91.0,-53.0,60.0,36.0,-84.0,-138.0,32.0,5.0,-37.0,75.0,26.0,-33.0,12.0,26.0,58.0,-37.0,66.0,-8.0,53.0,44.0,15.0,-22.0,122.0,33.0,-43.0,49.0,94.0,28.0,12.0,26.0,27.0,16.0,41.0,9.0
5,2014-04,872,63.0,-38.0,-98.0,135.0,12.0,13.0,-50.0,-275.0,-32.0,43.0,-31.0,20.0,77.0,-34.0,63.0,-67.0,-5.0,-70.0,-46.0,81.0,-91.0,-53.0,60.0,36.0,-84.0,-138.0,32.0,5.0,-37.0,75.0,26.0,-33.0,12.0,26.0,58.0,-37.0,66.0,-8.0,53.0,44.0,15.0,-22.0,122.0,33.0,-43.0,49.0,94.0,28.0,12.0,26.0,27.0,16.0,41.0
5,2014-05,872,0.0,63.0,-38.0,-98.0,135.0,12.0,13.0,-50.0,-275.0,-32.0,43.0,-31.0,20.0,77.0,-34.0,63.0,-67.0,-5.0,-70.0,-46.0,81.0,-91.0,-53.0,60.0,36.0,-84.0,-138.0,32.0,5.0,-37.0,75.0,26.0,-33.0,12.0,26.0,58.0,-37.0,66.0,-8.0,53.0,44.0,15.0,-22.0,122.0,33.0,-43.0,49.0,94.0,28.0,12.0,26.0,27.0,16.0
5,2014-06,932,60.0,0.0,63.0,-38.0,-98.0,135.0,12.0,13.0,-50.0,-275.0,-32.0,43.0,-31.0,20.0,77.0,-34.0,63.0,-67.0,-5.0,-70.0,-46.0,81.0,-91.0,-53.0,60.0,36.0,-84.0,-138.0,32.0,5.0,-37.0,75.0,26.0,-33.0,12.0,26.0,58.0,-37.0,66.0,-8.0,53.0,44.0,15.0,-22.0,122.0,33.0,-43.0,49.0,94.0,28.0,12.0,26.0,27.0
5,2014-07,921,-11.0,60.0,0.0,63.0,-38.0,-98.0,135.0,12.0,13.0,-50.0,-275.0,-32.0,43.0,-31.0,20.0,77.0,-34.0,63.0,-67.0,-5.0,-70.0,-46.0,81.0,-91.0,-53.0,60.0,36.0,-84.0,-138.0,32.0,5.0,-37.0,75.0,26.0,-33.0,12.0,26.0,58.0,-37.0,66.0,-8.0,53.0,44.0,15.0,-22.0,122.0,33.0,-43.0,49.0,94.0,28.0,12.0,26.0
5,2014-08,909,-12.0,-11.0,60.0,0.0,63.0,-38.0,-98.0,135.0,12.0,13.0,-50.0,-275.0,-32.0,43.0,-31.0,20.0,77.0,-34.0,63.0,-67.0,-5.0,-70.0,-46.0,81.0,-91.0,-53.0,60.0,36.0,-84.0,-138.0,32.0,5.0,-37.0,75.0,26.0,-33.0,12.0,26.0,58.0,-37.0,66.0,-8.0,53.0,44.0,15.0,-22.0,122.0,33.0,-43.0,49.0,94.0,28.0,12.0
5,2014-09,1008,99.0,-12.0,-11.0,60.0,0.0,63.0,-38.0,-98.0,135.0,12.0,13.0,-50.0,-275.0,-32.0,43.0,-31.0,20.0,77.0,-34.0,63.0,-67.0,-5.0,-70.0,-46.0,81.0,-91.0,-53.0,60.0,36.0,-84.0,-138.0,32.0,5.0,-37.0,75.0,26.0,-33.0,12.0,26.0,58.0,-37.0,66.0,-8.0,53.0,44.0,15.0,-22.0,122.0,33.0,-43.0,49.0,94.0,28.0
5,2014-10,1087,79.0,99.0,-12.0,-11.0,60.0,0.0,63.0,-38.0,-98.0,135.0,12.0,13.0,-50.0,-275.0,-32.0,43.0,-31.0,20.0,77.0,-34.0,63.0,-67.0,-5.0,-70.0,-46.0,81.0,-91.0,-53.0,60.0,36.0,-84.0,-138.0,32.0,5.0,-37.0,75.0,26.0,-33.0,12.0,26.0,58.0,-37.0,66.0,-8.0,53.0,44.0,15.0,-22.0,122.0,33.0,-43.0,49.0,94.0
5,2014-11,1112,25.0,79.0,99.0,-12.0,-11.0,60.0,0.0,63.0,-38.0,-98.0,135.0,12.0,13.0,-50.0,-275.0,-32.0,43.0,-31.0,20.0,77.0,-34.0,63.0,-67.0,-5.0,-70.0,-46.0,81.0,-91.0,-53.0,60.0,36.0,-84.0,-138.0,32.0,5.0,-37.0,75.0,26.0,-33.0,12.0,26.0,58.0,-37.0,66.0,-8.0,53.0,44.0,15.0,-22.0,122.0,33.0,-43.0,49.0
5,2014-12,1035,-77.0,25.0,79.0,99.0,-12.0,-11.0,60.0,0.0,63.0,-38.0,-98.0,135.0,12.0,13.0,-50.0,-275.0,-32.0,43.0,-31.0,20.0,77.0,-34.0,63.0,-67.0,-5.0,-70.0,-46.0,81.0,-91.0,-53.0,60.0,36.0,-84.0,-138.0,32.0,5.0,-37.0,75.0,26.0,-33.0,12.0,26.0,58.0,-37.0,66.0,-8.0,53.0,44.0,15.0,-22.0,122.0,33.0,-43.0
5,2014-13,1106,71.0,-77.0,25.0,79.0,99.0,-12.0,-11.0,60.0,0.0,63.0,-38.0,-98.0,135.0,12.0,13.0,-50.0,-275.0,-32.0,43.0,-31.0,20.0,77.0,-34.0,63.0,-67.0,-5.0,-70.0,-46.0,81.0,-91.0,-53.0,60.0,36.0,-84.0,-138.0,32.0,5.0,-37.0,75.0,26.0,-33.0,12.0,26.0,58.0,-37.0,66.0,-8.0,53.0,44.0,15.0,-22.0,122.0,33.0
5,2014-14,1308,202.0,71.0,-77.0,25.0,79.0,99.0,-12.0,-11.0,60.0,0.0,63.0,-38.0,-98.0,135.0,12.0,13.0,-50.0,-275.0,-32.0,43.0,-31.0,20.0,77.0,-34.0,63.0,-67.0,-5.0,-70.0,-46.0,81.0,-91.0,-53.0,60.0,36.0,-84.0,-138.0,32.0,5.0,-37.0,75.0,26.0,-33.0,12.0,26.0,58.0,-37.0,66.0,-8.0,53.0,44.0,15.0,-22.0,122.0
5,2014-15,1260,-48.0,202.0,71.0,-77.0,25.0,79.0,99.0,-12.0,-11.0,60.0,0.0,63.0,-38.0,-98.0,135.0,12.0,13.0,-50.0,-275.0,-32.0,43.0,-31.0,20.0,77.0,-34.0,63.0,-67.0,-5.0,-70.0,-46.0,81.0,-91.0,-53.0,60.0,36.0,-84.0,-138.0,32.0,5.0,-37.0,75.0,26.0,-33.0,12.0,26.0,58.0,-37.0,66.0,-8.0,53.0,44.0,15.0,-22.0
5,2014-16,1317,57.0,-48.0,202.0,71.0,-77.0,25.0,79.0,99.0,-12.0,-11.0,60.0,0.0,63.0,-38.0,-98.0,135.0,12.0,13.0,-50.0,-275.0,-32.0,43.0,-31.0,20.0,77.0,-34.0,63.0,-67.0,-5.0,-70.0,-46.0,81.0,-91.0,-53.0,60.0,36.0,-84.0,-138.0,32.0,5.0,-37.0,75.0,26.0,-33.0,12.0,26.0,58.0,-37.0,66.0,-8.0,53.0,44.0,15.0
5,2014-17,1326,9.0,57.0,-48.0,202.0,71.0,-77.0,25.0,79.0,99.0,-12.0,-11.0,60.0,0.0,63.0,-38.0,-98.0,135.0,12.0,13.0,-50.0,-275.0,-32.0,43.0,-31.0,20.0,77.0,-34.0,63.0,-67.0,-5.0,-70.0,-46.0,81.0,-91.0,-53.0,60.0,36.0,-84.0,-138.0,32.0,5.0,-37.0,75.0,26.0,-33.0,12.0,26.0,58.0,-37.0,66.0,-8.0,53.0,44.0
5,2014-18,1353,27.0,9.0,57.0,-48.0,202.0,71.0,-77.0,25.0,79.0,99.0,-12.0,-11.0,60.0,0.0,63.0,-38.0,-98.0,135.0,12.0,13.0,-50.0,-275.0,-32.0,43.0,-31.0,20.0,77.0,-34.0,63.0,-67.0,-5.0,-70.0,-46.0,81.0,-91.0,-53.0,60.0,36.0,-84.0,-138.0,32.0,5.0,-37.0,75.0,26.0,-33.0,12.0,26.0,58.0,-37.0,66.0,-8.0,53.0
5,2014-19,1381,28.0,27.0,9.0,57.0,-48.0,202.0,71.0,-77.0,25.0,79.0,99.0,-12.0,-11.0,60.0,0.0,63.0,-38.0,-98.0,135.0,12.0,13.0,-50.0,-275.0,-32.0,43.0,-31.0,20.0,77.0,-34.0,63.0,-67.0,-5.0,-70.0,-46.0,81.0,-91.0,-53.0,60.0,36.0,-84.0,-138.0,32.0,5.0,-37.0,75.0,26.0,-33.0,12.0,26.0,58.0,-37.0,66.0,-8.0
5,2014-20,1495,114.0,28.0,27.0,9.0,57.0,-48.0,202.0,71.0,-77.0,25.0,79.0,99.0,-12.0,-11.0,60.0,0.0,63.0,-38.0,-98.0,135.0,12.0,13.0,-50.0,-275.0,-32.0,43.0,-31.0,20.0,77.0,-34.0,63.0,-67.0,-5.0,-70.0,-46.0,81.0,-91.0,-53.0,60.0,36.0,-84.0,-138.0,32.0,5.0,-37.0,75.0,26.0,-33.0,12.0,26.0,58.0,-37.0,66.0
5,2014-21,1414,-81.0,114.0,28.0,27.0,9.0,57.0,-48.0,202.0,71.0,-77.0,25.0,79.0,99.0,-12.0,-11.0,60.0,0.0,63.0,-38.0,-98.0,135.0,12.0,13.0,-50.0,-275.0,-32.0,43.0,-31.0,20.0,77.0,-34.0,63.0,-67.0,-5.0,-70.0,-46.0,81.0,-91.0,-53.0,60.0,36.0,-84.0,-138.0,32.0,5.0,-37.0,75.0,26.0,-33.0,12.0,26.0,58.0,-37.0
5,2014-22,1457,43.0,-81.0,114.0,28.0,27.0,9.0,57.0,-48.0,202.0,71.0,-77.0,25.0,79.0,99.0,-12.0,-11.0,60.0,0.0,63.0,-38.0,-98.0,135.0,12.0,13.0,-50.0,-275.0,-32.0,43.0,-31.0,20.0,77.0,-34.0,63.0,-67.0,-5.0,-70.0,-46.0,81.0,-91.0,-53.0,60.0,36.0,-84.0,-138.0,32.0,5.0,-37.0,75.0,26.0,-33.0,12.0,26.0,58.0
5,2014-23,1416,-41.0,43.0,-81.0,114.0,28.0,27.0,9.0,57.0,-48.0,202.0,71.0,-77.0,25.0,79.0,99.0,-12.0,-11.0,60.0,0.0,63.0,-38.0,-98.0,135.0,12.0,13.0,-50.0,-275.0,-32.0,43.0,-31.0,20.0,77.0,-34.0,63.0,-67.0,-5.0,-70.0,-46.0,81.0,-91.0,-53.0,60.0,36.0,-84.0,-138.0,32.0,5.0,-37.0,75.0,26.0,-33.0,12.0,26.0
5,2014-24,1556,140.0,-41.0,43.0,-81.0,114.0,28.0,27.0,9.0,57.0,-48.0,202.0,71.0,-77.0,25.0,79.0,99.0,-12.0,-11.0,60.0,0.0,63.0,-38.0,-98.0,135.0,12.0,13.0,-50.0,-275.0,-32.0,43.0,-31.0,20.0,77.0,-34.0,63.0,-67.0,-5.0,-70.0,-46.0,81.0,-91.0,-53.0,60.0,36.0,-84.0,-138.0,32.0,5.0,-37.0,75.0,26.0,-33.0,12.0
5,2014-25,1466,-90.0,140.0,-41.0,43.0,-81.0,114.0,28.0,27.0,9.0,57.0,-48.0,202.0,71.0,-77.0,25.0,79.0,99.0,-12.0,-11.0,60.0,0.0,63.0,-38.0,-98.0,135.0,12.0,13.0,-50.0,-275.0,-32.0,43.0,-31.0,20.0,77.0,-34.0,63.0,-67.0,-5.0,-70.0,-46.0,81.0,-91.0,-53.0,60.0,36.0,-84.0,-138.0,32.0,5.0,-37.0,75.0,26.0,-33.0
5,2014-26,1433,-33.0,-90.0,140.0,-41.0,43.0,-81.0,114.0,28.0,27.0,9.0,57.0,-48.0,202.0,71.0,-77.0,25.0,79.0,99.0,-12.0,-11.0,60.0,0.0,63.0,-38.0,-98.0,135.0,12.0,13.0,-50.0,-275.0,-32.0,43.0,-31.0,20.0,77.0,-34.0,63.0,-67.0,-5.0,-70.0,-46.0,81.0,-91.0,-53.0,60.0,36.0,-84.0,-138.0,32.0,5.0,-37.0,75.0,26.0
5,2014-27,1578,145.0,-33.0,-90.0,140.0,-41.0,43.0,-81.0,114.0,28.0,27.0,9.0,57.0,-48.0,202.0,71.0,-77.0,25.0,79.0,99.0,-12.0,-11.0,60.0,0.0,63.0,-38.0,-98.0,135.0,12.0,13.0,-50.0,-275.0,-32.0,43.0,-31.0,20.0,77.0,-34.0,63.0,-67.0,-5.0,-70.0,-46.0,81.0,-91.0,-53.0,60.0,36.0,-84.0,-138.0,32.0,5.0,-37.0,75.0
5,2014-28,1629,51.0,145.0,-33.0,-90.0,140.0,-41.0,43.0,-81.0,114.0,28.0,27.0,9.0,57.0,-48.0,202.0,71.0,-77.0,25.0,79.0,99.0,-12.0,-11.0,60.0,0.0,63.0,-38.0,-98.0,135.0,12.0,13.0,-50.0,-275.0,-32.0,43.0,-31.0,20.0,77.0,-34.0,63.0,-67.0,-5.0,-70.0,-46.0,81.0,-91.0,-53.0,60.0,36.0,-84.0,-138.0,32.0,5.0,-37.0
5,2014-29,1525,-104.0,51.0,145.0,-33.0,-90.0,140.0,-41.0,43.0,-81.0,114.0,28.0,27.0,9.0,57.0,-48.0,202.0,71.0,-77.0,25.0,79.0,99.0,-12.0,-11.0,60.0,0.0,63.0,-38.0,-98.0,135.0,12.0,13.0,-50.0,-275.0,-32.0,43.0,-31.0,20.0,77.0,-34.0,63.0,-67.0,-5.0,-70.0,-46.0,81.0,-91.0,-53.0,60.0,36.0,-84.0,-138.0,32.0,5.0
5,2014-30,1616,91.0,-104.0,51.0,145.0,-33.0,-90.0,140.0,-41.0,43.0,-81.0,114.0,28.0,27.0,9.0,57.0,-48.0,202.0,71.0,-77.0,25.0,79.0,99.0,-12.0,-11.0,60.0,0.0,63.0,-38.0,-98.0,135.0,12.0,13.0,-50.0,-275.0,-32.0,43.0,-31.0,20.0,77.0,-34.0,63.0,-67.0,-5.0,-70.0,-46.0,81.0,-91.0,-53.0,60.0,36.0,-84.0,-138.0,32.0
5,2014-31,1460,-156.0,91.0,-104.0,51.0,145.0,-33.0,-90.0,140.0,-41.0,43.0,-81.0,114.0,28.0,27.0,9.0,57.0,-48.0,202.0,71.0,-77.0,25.0,79.0,99.0,-12.0,-11.0,60.0,0.0,63.0,-38.0,-98.0,135.0,12.0,13.0,-50.0,-275.0,-32.0,43.0,-31.0,20.0,77.0,-34.0,63.0,-67.0,-5.0,-70.0,-46.0,81.0,-91.0,-53.0,60.0,36.0,-84.0,-138.0
5,2014-32,1354,-106.0,-156.0,91.0,-104.0,51.0,145.0,-33.0,-90.0,140.0,-41.0,43.0,-81.0,114.0,28.0,27.0,9.0,57.0,-48.0,202.0,71.0,-77.0,25.0,79.0,99.0,-12.0,-11.0,60.0,0.0,63.0,-38.0,-98.0,135.0,12.0,13.0,-50.0,-275.0,-32.0,43.0,-31.0,20.0,77.0,-34.0,63.0,-67.0,-5.0,-70.0,-46.0,81.0,-91.0,-53.0,60.0,36.0,-84.0
5,2014-33,1397,43.0,-106.0,-156.0,91.0,-104.0,51.0,145.0,-33.0,-90.0,140.0,-41.0,43.0,-81.0,114.0,28.0,27.0,9.0,57.0,-48.0,202.0,71.0,-77.0,25.0,79.0,99.0,-12.0,-11.0,60.0,0.0,63.0,-38.0,-98.0,135.0,12.0,13.0,-50.0,-275.0,-32.0,43.0,-31.0,20.0,77.0,-34.0,63.0,-67.0,-5.0,-70.0,-46.0,81.0,-91.0,-53.0,60.0,36.0
5,2014-34,1356,-41.0,43.0,-106.0,-156.0,91.0,-104.0,51.0,145.0,-33.0,-90.0,140.0,-41.0,43.0,-81.0,114.0,28.0,27.0,9.0,57.0,-48.0,202.0,71.0,-77.0,25.0,79.0,99.0,-12.0,-11.0,60.0,0.0,63.0,-38.0,-98.0,135.0,12.0,13.0,-50.0,-275.0,-32.0,43.0,-31.0,20.0,77.0,-34.0,63.0,-67.0,-5.0,-70.0,-46.0,81.0,-91.0,-53.0,60.0
5,2014-35,1412,56.0,-41.0,43.0,-106.0,-156.0,91.0,-104.0,51.0,145.0,-33.0,-90.0,140.0,-41.0,43.0,-81.0,114.0,28.0,27.0,9.0,57.0,-48.0,202.0,71.0,-77.0,25.0,79.0,99.0,-12.0,-11.0,60.0,0.0,63.0,-38.0,-98.0,135.0,12.0,13.0,-50.0,-275.0,-32.0,43.0,-31.0,20.0,77.0,-34.0,63.0,-67.0,-5.0,-70.0,-46.0,81.0,-91.0,-53.0
5,2014-36,1240,-172.0,56.0,-41.0,43.0,-106.0,-156.0,91.0,-104.0,51.0,145.0,-33.0,-90.0,140.0,-41.0,43.0,-81.0,114.0,28.0,27.0,9.0,57.0,-48.0,202.0,71.0,-77.0,25.0,79.0,99.0,-12.0,-11.0,60.0,0.0,63.0,-38.0,-98.0,135.0,12.0,13.0,-50.0,-275.0,-32.0,43.0,-31.0,20.0,77.0,-34.0,63.0,-67.0,-5.0,-70.0,-46.0,81.0,-91.0
5,2014-37,1314,74.0,-172.0,56.0,-41.0,43.0,-106.0,-156.0,91.0,-104.0,51.0,145.0,-33.0,-90.0,140.0,-41.0,43.0,-81.0,114.0,28.0,27.0,9.0,57.0,-48.0,202.0,71.0,-77.0,25.0,79.0,99.0,-12.0,-11.0,60.0,0.0,63.0,-38.0,-98.0,135.0,12.0,13.0,-50.0,-275.0,-32.0,43.0,-31.0,20.0,77.0,-34.0,63.0,-67.0,-5.0,-70.0,-46.0,81.0
5,2014-38,1270,-44.0,74.0,-172.0,56.0,-41.0,43.0,-106.0,-156.0,91.0,-104.0,51.0,145.0,-33.0,-90.0,140.0,-41.0,43.0,-81.0,114.0,28.0,27.0,9.0,57.0,-48.0,202.0,71.0,-77.0,25.0,79.0,99.0,-12.0,-11.0,60.0,0.0,63.0,-38.0,-98.0,135.0,12.0,13.0,-50.0,-275.0,-32.0,43.0,-31.0,20.0,77.0,-34.0,63.0,-67.0,-5.0,-70.0,-46.0
5,2014-39,1289,19.0,-44.0,74.0,-172.0,56.0,-41.0,43.0,-106.0,-156.0,91.0,-104.0,51.0,145.0,-33.0,-90.0,140.0,-41.0,43.0,-81.0,114.0,28.0,27.0,9.0,57.0,-48.0,202.0,71.0,-77.0,25.0,79.0,99.0,-12.0,-11.0,60.0,0.0,63.0,-38.0,-98.0,135.0,12.0,13.0,-50.0,-275.0,-32.0,43.0,-31.0,20.0,77.0,-34.0,63.0,-67.0,-5.0,-70.0
5,2014-40,1205,-84.0,19.0,-44.0,74.0,-172.0,56.0,-41.0,43.0,-106.0,-156.0,91.0,-104.0,51.0,145.0,-33.0,-90.0,140.0,-41.0,43.0,-81.0,114.0,28.0,27.0,9.0,57.0,-48.0,202.0,71.0,-77.0,25.0,79.0,99.0,-12.0,-11.0,60.0,0.0,63.0,-38.0,-98.0,135.0,12.0,13.0,-50.0,-275.0,-32.0,43.0,-31.0,20.0,77.0,-34.0,63.0,-67.0,-5.0
5,2014-41,1163,-42.0,-84.0,19.0,-44.0,74.0,-172.0,56.0,-41.0,43.0,-106.0,-156.0,91.0,-104.0,51.0,145.0,-33.0,-90.0,140.0,-41.0,43.0,-81.0,114.0,28.0,27.0,9.0,57.0,-48.0,202.0,71.0,-77.0,25.0,79.0,99.0,-12.0,-11.0,60.0,0.0,63.0,-38.0,-98.0,135.0,12.0,13.0,-50.0,-275.0,-32.0,43.0,-31.0,20.0,77.0,-34.0,63.0,-67.0
5,2014-42,1155,-8.0,-42.0,-84.0,19.0,-44.0,74.0,-172.0,56.0,-41.0,43.0,-106.0,-156.0,91.0,-104.0,51.0,145.0,-33.0,-90.0,140.0,-41.0,43.0,-81.0,114.0,28.0,27.0,9.0,57.0,-48.0,202.0,71.0,-77.0,25.0,79.0,99.0,-12.0,-11.0,60.0,0.0,63.0,-38.0,-98.0,135.0,12.0,13.0,-50.0,-275.0,-32.0,43.0,-31.0,20.0,77.0,-34.0,63.0
5,2014-43,1214,59.0,-8.0,-42.0,-84.0,19.0,-44.0,74.0,-172.0,56.0,-41.0,43.0,-106.0,-156.0,91.0,-104.0,51.0,145.0,-33.0,-90.0,140.0,-41.0,43.0,-81.0,114.0,28.0,27.0,9.0,57.0,-48.0,202.0,71.0,-77.0,25.0,79.0,99.0,-12.0,-11.0,60.0,0.0,63.0,-38.0,-98.0,135.0,12.0,13.0,-50.0,-275.0,-32.0,43.0,-31.0,20.0,77.0,-34.0
5,2014-44,1162,-52.0,59.0,-8.0,-42.0,-84.0,19.0,-44.0,74.0,-172.0,56.0,-41.0,43.0,-106.0,-156.0,91.0,-104.0,51.0,145.0,-33.0,-90.0,140.0,-41.0,43.0,-81.0,114.0,28.0,27.0,9.0,57.0,-48.0,202.0,71.0,-77.0,25.0,79.0,99.0,-12.0,-11.0,60.0,0.0,63.0,-38.0,-98.0,135.0,12.0,13.0,-50.0,-275.0,-32.0,43.0,-31.0,20.0,77.0
5,2014-45,1327,165.0,-52.0,59.0,-8.0,-42.0,-84.0,19.0,-44.0,74.0,-172.0,56.0,-41.0,43.0,-106.0,-156.0,91.0,-104.0,51.0,145.0,-33.0,-90.0,140.0,-41.0,43.0,-81.0,114.0,28.0,27.0,9.0,57.0,-48.0,202.0,71.0,-77.0,25.0,79.0,99.0,-12.0,-11.0,60.0,0.0,63.0,-38.0,-98.0,135.0,12.0,13.0,-50.0,-275.0,-32.0,43.0,-31.0,20.0
5,2014-46,1302,-25.0,165.0,-52.0,59.0,-8.0,-42.0,-84.0,19.0,-44.0,74.0,-172.0,56.0,-41.0,43.0,-106.0,-156.0,91.0,-104.0,51.0,145.0,-33.0,-90.0,140.0,-41.0,43.0,-81.0,114.0,28.0,27.0,9.0,57.0,-48.0,202.0,71.0,-77.0,25.0,79.0,99.0,-12.0,-11.0,60.0,0.0,63.0,-38.0,-98.0,135.0,12.0,13.0,-50.0,-275.0,-32.0,43.0,-31.0
5,2014-47,1279,-23.0,-25.0,165.0,-52.0,59.0,-8.0,-42.0,-84.0,19.0,-44.0,74.0,-172.0,56.0,-41.0,43.0,-106.0,-156.0,91.0,-104.0,51.0,145.0,-33.0,-90.0,140.0,-41.0,43.0,-81.0,114.0,28.0,27.0,9.0,57.0,-48.0,202.0,71.0,-77.0,25.0,79.0,99.0,-12.0,-11.0,60.0,0.0,63.0,-38.0,-98.0,135.0,12.0,13.0,-50.0,-275.0,-32.0,43.0
5,2014-48,1318,39.0,-23.0,-25.0,165.0,-52.0,59.0,-8.0,-42.0,-84.0,19.0,-44.0,74.0,-172.0,56.0,-41.0,43.0,-106.0,-156.0,91.0,-104.0,51.0,145.0,-33.0,-90.0,140.0,-41.0,43.0,-81.0,114.0,28.0,27.0,9.0,57.0,-48.0,202.0,71.0,-77.0,25.0,79.0,99.0,-12.0,-11.0,60.0,0.0,63.0,-38.0,-98.0,135.0,12.0,13.0,-50.0,-275.0,-32.0
5,2014-49,919,-399.0,39.0,-23.0,-25.0,165.0,-52.0,59.0,-8.0,-42.0,-84.0,19.0,-44.0,74.0,-172.0,56.0,-41.0,43.0,-106.0,-156.0,91.0,-104.0,51.0,145.0,-33.0,-90.0,140.0,-41.0,43.0,-81.0,114.0,28.0,27.0,9.0,57.0,-48.0,202.0,71.0,-77.0,25.0,79.0,99.0,-12.0,-11.0,60.0,0.0,63.0,-38.0,-98.0,135.0,12.0,13.0,-50.0,-275.0
5,2014-50,897,-22.0,-399.0,39.0,-23.0,-25.0,165.0,-52.0,59.0,-8.0,-42.0,-84.0,19.0,-44.0,74.0,-172.0,56.0,-41.0,43.0,-106.0,-156.0,91.0,-104.0,51.0,145.0,-33.0,-90.0,140.0,-41.0,43.0,-81.0,114.0,28.0,27.0,9.0,57.0,-48.0,202.0,71.0,-77.0,25.0,79.0,99.0,-12.0,-11.0,60.0,0.0,63.0,-38.0,-98.0,135.0,12.0,13.0,-50.0
5,2014-51,894,-3.0,-22.0,-399.0,39.0,-23.0,-25.0,165.0,-52.0,59.0,-8.0,-42.0,-84.0,19.0,-44.0,74.0,-172.0,56.0,-41.0,43.0,-106.0,-156.0,91.0,-104.0,51.0,145.0,-33.0,-90.0,140.0,-41.0,43.0,-81.0,114.0,28.0,27.0,9.0,57.0,-48.0,202.0,71.0,-77.0,25.0,79.0,99.0,-12.0,-11.0,60.0,0.0,63.0,-38.0,-98.0,135.0,12.0,13.0
5,2014-52,957,63.0,-3.0,-22.0,-399.0,39.0,-23.0,-25.0,165.0,-52.0,59.0,-8.0,-42.0,-84.0,19.0,-44.0,74.0,-172.0,56.0,-41.0,43.0,-106.0,-156.0,91.0,-104.0,51.0,145.0,-33.0,-90.0,140.0,-41.0,43.0,-81.0,114.0,28.0,27.0,9.0,57.0,-48.0,202.0,71.0,-77.0,25.0,79.0,99.0,-12.0,-11.0,60.0,0.0,63.0,-38.0,-98.0,135.0,12.0
5,2015-01,546,-411.0,63.0,-3.0,-22.0,-399.0,39.0,-23.0,-25.0,165.0,-52.0,59.0,-8.0,-42.0,-84.0,19.0,-44.0,74.0,-172.0,56.0,-41.0,43.0,-106.0,-156.0,91.0,-104.0,51.0,145.0,-33.0,-90.0,140.0,-41.0,43.0,-81.0,114.0,28.0,27.0,9.0,57.0,-48.0,202.0,71.0,-77.0,25.0,79.0,99.0,-12.0,-11.0,60.0,0.0,63.0,-38.0,-98.0,135.0
5,2015-02,926,380.0,-411.0,63.0,-3.0,-22.0,-399.0,39.0,-23.0,-25.0,165.0,-52.0,59.0,-8.0,-42.0,-84.0,19.0,-44.0,74.0,-172.0,56.0,-41.0,43.0,-106.0,-156.0,91.0,-104.0,51.0,145.0,-33.0,-90.0,140.0,-41.0,43.0,-81.0,114.0,28.0,27.0,9.0,57.0,-48.0,202.0,71.0,-77.0,25.0,79.0,99.0,-12.0,-11.0,60.0,0.0,63.0,-38.0,-98.0
5,2015-03,839,-87.0,380.0,-411.0,63.0,-3.0,-22.0,-399.0,39.0,-23.0,-25.0,165.0,-52.0,59.0,-8.0,-42.0,-84.0,19.0,-44.0,74.0,-172.0,56.0,-41.0,43.0,-106.0,-156.0,91.0,-104.0,51.0,145.0,-33.0,-90.0,140.0,-41.0,43.0,-81.0,114.0,28.0,27.0,9.0,57.0,-48.0,202.0,71.0,-77.0,25.0,79.0,99.0,-12.0,-11.0,60.0,0.0,63.0,-38.0
5,2015-04,860,21.0,-87.0,380.0,-411.0,63.0,-3.0,-22.0,-399.0,39.0,-23.0,-25.0,165.0,-52.0,59.0,-8.0,-42.0,-84.0,19.0,-44.0,74.0,-172.0,56.0,-41.0,43.0,-106.0,-156.0,91.0,-104.0,51.0,145.0,-33.0,-90.0,140.0,-41.0,43.0,-81.0,114.0,28.0,27.0,9.0,57.0,-48.0,202.0,71.0,-77.0,25.0,79.0,99.0,-12.0,-11.0,60.0,0.0,63.0
5,2015-05,919,59.0,21.0,-87.0,380.0,-411.0,63.0,-3.0,-22.0,-399.0,39.0,-23.0,-25.0,165.0,-52.0,59.0,-8.0,-42.0,-84.0,19.0,-44.0,74.0,-172.0,56.0,-41.0,43.0,-106.0,-156.0,91.0,-104.0,51.0,145.0,-33.0,-90.0,140.0,-41.0,43.0,-81.0,114.0,28.0,27.0,9.0,57.0,-48.0,202.0,71.0,-77.0,25.0,79.0,99.0,-12.0,-11.0,60.0,0.0
5,2015-06,995,76.0,59.0,21.0,-87.0,380.0,-411.0,63.0,-3.0,-22.0,-399.0,39.0,-23.0,-25.0,165.0,-52.0,59.0,-8.0,-42.0,-84.0,19.0,-44.0,74.0,-172.0,56.0,-41.0,43.0,-106.0,-156.0,91.0,-104.0,51.0,145.0,-33.0,-90.0,140.0,-41.0,43.0,-81.0,114.0,28.0,27.0,9.0,57.0,-48.0,202.0,71.0,-77.0,25.0,79.0,99.0,-12.0,-11.0,60.0
5,2015-07,944,-51.0,76.0,59.0,21.0,-87.0,380.0,-411.0,63.0,-3.0,-22.0,-399.0,39.0,-23.0,-25.0,165.0,-52.0,59.0,-8.0,-42.0,-84.0,19.0,-44.0,74.0,-172.0,56.0,-41.0,43.0,-106.0,-156.0,91.0,-104.0,51.0,145.0,-33.0,-90.0,140.0,-41.0,43.0,-81.0,114.0,28.0,27.0,9.0,57.0,-48.0,202.0,71.0,-77.0,25.0,79.0,99.0,-12.0,-11.0
5,2015-08,975,31.0,-51.0,76.0,59.0,21.0,-87.0,380.0,-411.0,63.0,-3.0,-22.0,-399.0,39.0,-23.0,-25.0,165.0,-52.0,59.0,-8.0,-42.0,-84.0,19.0,-44.0,74.0,-172.0,56.0,-41.0,43.0,-106.0,-156.0,91.0,-104.0,51.0,145.0,-33.0,-90.0,140.0,-41.0,43.0,-81.0,114.0,28.0,27.0,9.0,57.0,-48.0,202.0,71.0,-77.0,25.0,79.0,99.0,-12.0
5,2015-09,1028,53.0,31.0,-51.0,76.0,59.0,21.0,-87.0,380.0,-411.0,63.0,-3.0,-22.0,-399.0,39.0,-23.0,-25.0,165.0,-52.0,59.0,-8.0,-42.0,-84.0,19.0,-44.0,74.0,-172.0,56.0,-41.0,43.0,-106.0,-156.0,91.0,-104.0,51.0,145.0,-33.0,-90.0,140.0,-41.0,43.0,-81.0,114.0,28.0,27.0,9.0,57.0,-48.0,202.0,71.0,-77.0,25.0,79.0,99.0
5,2015-10,1198,170.0,53.0,31.0,-51.0,76.0,59.0,21.0,-87.0,380.0,-411.0,63.0,-3.0,-22.0,-399.0,39.0,-23.0,-25.0,165.0,-52.0,59.0,-8.0,-42.0,-84.0,19.0,-44.0,74.0,-172.0,56.0,-41.0,43.0,-106.0,-156.0,91.0,-104.0,51.0,145.0,-33.0,-90.0,140.0,-41.0,43.0,-81.0,114.0,28.0,27.0,9.0,57.0,-48.0,202.0,71.0,-77.0,25.0,79.0
5,2015-11,1142,-56.0,170.0,53.0,31.0,-51.0,76.0,59.0,21.0,-87.0,380.0,-411.0,63.0,-3.0,-22.0,-399.0,39.0,-23.0,-25.0,165.0,-52.0,59.0,-8.0,-42.0,-84.0,19.0,-44.0,74.0,-172.0,56.0,-41.0,43.0,-106.0,-156.0,91.0,-104.0,51.0,145.0,-33.0,-90.0,140.0,-41.0,43.0,-81.0,114.0,28.0,27.0,9.0,57.0,-48.0,202.0,71.0,-77.0,25.0
5,2015-12,1142,0.0,-56.0,170.0,53.0,31.0,-51.0,76.0,59.0,21.0,-87.0,380.0,-411.0,63.0,-3.0,-22.0,-399.0,39.0,-23.0,-25.0,165.0,-52.0,59.0,-8.0,-42.0,-84.0,19.0,-44.0,74.0,-172.0,56.0,-41.0,43.0,-106.0,-156.0,91.0,-104.0,51.0,145.0,-33.0,-90.0,140.0,-41.0,43.0,-81.0,114.0,28.0,27.0,9.0,57.0,-48.0,202.0,71.0,-77.0
5,2015-13,1119,-23.0,0.0,-56.0,170.0,53.0,31.0,-51.0,76.0,59.0,21.0,-87.0,380.0,-411.0,63.0,-3.0,-22.0,-399.0,39.0,-23.0,-25.0,165.0,-52.0,59.0,-8.0,-42.0,-84.0,19.0,-44.0,74.0,-172.0,56.0,-41.0,43.0,-106.0,-156.0,91.0,-104.0,51.0,145.0,-33.0,-90.0,140.0,-41.0,43.0,-81.0,114.0,28.0,27.0,9.0,57.0,-48.0,202.0,71.0
5,2015-14,1333,214.0,-23.0,0.0,-56.0,170.0,53.0,31.0,-51.0,76.0,59.0,21.0,-87.0,380.0,-411.0,63.0,-3.0,-22.0,-399.0,39.0,-23.0,-25.0,165.0,-52.0,59.0,-8.0,-42.0,-84.0,19.0,-44.0,74.0,-172.0,56.0,-41.0,43.0,-106.0,-156.0,91.0,-104.0,51.0,145.0,-33.0,-90.0,140.0,-41.0,43.0,-81.0,114.0,28.0,27.0,9.0,57.0,-48.0,202.0
5,2015-15,1337,4.0,214.0,-23.0,0.0,-56.0,170.0,53.0,31.0,-51.0,76.0,59.0,21.0,-87.0,380.0,-411.0,63.0,-3.0,-22.0,-399.0,39.0,-23.0,-25.0,165.0,-52.0,59.0,-8.0,-42.0,-84.0,19.0,-44.0,74.0,-172.0,56.0,-41.0,43.0,-106.0,-156.0,91.0,-104.0,51.0,145.0,-33.0,-90.0,140.0,-41.0,43.0,-81.0,114.0,28.0,27.0,9.0,57.0,-48.0
5,2015-16,1432,95.0,4.0,214.0,-23.0,0.0,-56.0,170.0,53.0,31.0,-51.0,76.0,59.0,21.0,-87.0,380.0,-411.0,63.0,-3.0,-22.0,-399.0,39.0,-23.0,-25.0,165.0,-52.0,59.0,-8.0,-42.0,-84.0,19.0,-44.0,74.0,-172.0,56.0,-41.0,43.0,-106.0,-156.0,91.0,-104.0,51.0,145.0,-33.0,-90.0,140.0,-41.0,43.0,-81.0,114.0,28.0,27.0,9.0,57.0
5,2015-17,1369,-63.0,95.0,4.0,214.0,-23.0,0.0,-56.0,170.0,53.0,31.0,-51.0,76.0,59.0,21.0,-87.0,380.0,-411.0,63.0,-3.0,-22.0,-399.0,39.0,-23.0,-25.0,165.0,-52.0,59.0,-8.0,-42.0,-84.0,19.0,-44.0,74.0,-172.0,56.0,-41.0,43.0,-106.0,-156.0,91.0,-104.0,51.0,145.0,-33.0,-90.0,140.0,-41.0,43.0,-81.0,114.0,28.0,27.0,9.0
5,2015-18,1433,64.0,-63.0,95.0,4.0,214.0,-23.0,0.0,-56.0,170.0,53.0,31.0,-51.0,76.0,59.0,21.0,-87.0,380.0,-411.0,63.0,-3.0,-22.0,-399.0,39.0,-23.0,-25.0,165.0,-52.0,59.0,-8.0,-42.0,-84.0,19.0,-44.0,74.0,-172.0,56.0,-41.0,43.0,-106.0,-156.0,91.0,-104.0,51.0,145.0,-33.0,-90.0,140.0,-41.0,43.0,-81.0,114.0,28.0,27.0
5,2015-19,1417,-16.0,64.0,-63.0,95.0,4.0,214.0,-23.0,0.0,-56.0,170.0,53.0,31.0,-51.0,76.0,59.0,21.0,-87.0,380.0,-411.0,63.0,-3.0,-22.0,-399.0,39.0,-23.0,-25.0,165.0,-52.0,59.0,-8.0,-42.0,-84.0,19.0,-44.0,74.0,-172.0,56.0,-41.0,43.0,-106.0,-156.0,91.0,-104.0,51.0,145.0,-33.0,-90.0,140.0,-41.0,43.0,-81.0,114.0,28.0
5,2015-20,1412,-5.0,-16.0,64.0,-63.0,95.0,4.0,214.0,-23.0,0.0,-56.0,170.0,53.0,31.0,-51.0,76.0,59.0,21.0,-87.0,380.0,-411.0,63.0,-3.0,-22.0,-399.0,39.0,-23.0,-25.0,165.0,-52.0,59.0,-8.0,-42.0,-84.0,19.0,-44.0,74.0,-172.0,56.0,-41.0,43.0,-106.0,-156.0,91.0,-104.0,51.0,145.0,-33.0,-90.0,140.0,-41.0,43.0,-81.0,114.0
5,2015-21,1452,40.0,-5.0,-16.0,64.0,-63.0,95.0,4.0,214.0,-23.0,0.0,-56.0,170.0,53.0,31.0,-51.0,76.0,59.0,21.0,-87.0,380.0,-411.0,63.0,-3.0,-22.0,-399.0,39.0,-23.0,-25.0,165.0,-52.0,59.0,-8.0,-42.0,-84.0,19.0,-44.0,74.0,-172.0,56.0,-41.0,43.0,-106.0,-156.0,91.0,-104.0,51.0,145.0,-33.0,-90.0,140.0,-41.0,43.0,-81.0
5,2015-22,1393,-59.0,40.0,-5.0,-16.0,64.0,-63.0,95.0,4.0,214.0,-23.0,0.0,-56.0,170.0,53.0,31.0,-51.0,76.0,59.0,21.0,-87.0,380.0,-411.0,63.0,-3.0,-22.0,-399.0,39.0,-23.0,-25.0,165.0,-52.0,59.0,-8.0,-42.0,-84.0,19.0,-44.0,74.0,-172.0,56.0,-41.0,43.0,-106.0,-156.0,91.0,-104.0,51.0,145.0,-33.0,-90.0,140.0,-41.0,43.0
5,2015-23,1465,72.0,-59.0,40.0,-5.0,-16.0,64.0,-63.0,95.0,4.0,214.0,-23.0,0.0,-56.0,170.0,53.0,31.0,-51.0,76.0,59.0,21.0,-87.0,380.0,-411.0,63.0,-3.0,-22.0,-399.0,39.0,-23.0,-25.0,165.0,-52.0,59.0,-8.0,-42.0,-84.0,19.0,-44.0,74.0,-172.0,56.0,-41.0,43.0,-106.0,-156.0,91.0,-104.0,51.0,145.0,-33.0,-90.0,140.0,-41.0
5,2015-24,1621,156.0,72.0,-59.0,40.0,-5.0,-16.0,64.0,-63.0,95.0,4.0,214.0,-23.0,0.0,-56.0,170.0,53.0,31.0,-51.0,76.0,59.0,21.0,-87.0,380.0,-411.0,63.0,-3.0,-22.0,-399.0,39.0,-23.0,-25.0,165.0,-52.0,59.0,-8.0,-42.0,-84.0,19.0,-44.0,74.0,-172.0,56.0,-41.0,43.0,-106.0,-156.0,91.0,-104.0,51.0,145.0,-33.0,-90.0,140.0
5,2015-25,1505,-116.0,156.0,72.0,-59.0,40.0,-5.0,-16.0,64.0,-63.0,95.0,4.0,214.0,-23.0,0.0,-56.0,170.0,53.0,31.0,-51.0,76.0,59.0,21.0,-87.0,380.0,-411.0,63.0,-3.0,-22.0,-399.0,39.0,-23.0,-25.0,165.0,-52.0,59.0,-8.0,-42.0,-84.0,19.0,-44.0,74.0,-172.0,56.0,-41.0,43.0,-106.0,-156.0,91.0,-104.0,51.0,145.0,-33.0,-90.0
5,2015-26,1579,74.0,-116.0,156.0,72.0,-59.0,40.0,-5.0,-16.0,64.0,-63.0,95.0,4.0,214.0,-23.0,0.0,-56.0,170.0,53.0,31.0,-51.0,76.0,59.0,21.0,-87.0,380.0,-411.0,63.0,-3.0,-22.0,-399.0,39.0,-23.0,-25.0,165.0,-52.0,59.0,-8.0,-42.0,-84.0,19.0,-44.0,74.0,-172.0,56.0,-41.0,43.0,-106.0,-156.0,91.0,-104.0,51.0,145.0,-33.0
5,2015-27,1665,86.0,74.0,-116.0,156.0,72.0,-59.0,40.0,-5.0,-16.0,64.0,-63.0,95.0,4.0,214.0,-23.0,0.0,-56.0,170.0,53.0,31.0,-51.0,76.0,59.0,21.0,-87.0,380.0,-411.0,63.0,-3.0,-22.0,-399.0,39.0,-23.0,-25.0,165.0,-52.0,59.0,-8.0,-42.0,-84.0,19.0,-44.0,74.0,-172.0,56.0,-41.0,43.0,-106.0,-156.0,91.0,-104.0,51.0,145.0
5,2015-28,1682,17.0,86.0,74.0,-116.0,156.0,72.0,-59.0,40.0,-5.0,-16.0,64.0,-63.0,95.0,4.0,214.0,-23.0,0.0,-56.0,170.0,53.0,31.0,-51.0,76.0,59.0,21.0,-87.0,380.0,-411.0,63.0,-3.0,-22.0,-399.0,39.0,-23.0,-25.0,165.0,-52.0,59.0,-8.0,-42.0,-84.0,19.0,-44.0,74.0,-172.0,56.0,-41.0,43.0,-106.0,-156.0,91.0,-104.0,51.0
5,2015-29,1643,-39.0,17.0,86.0,74.0,-116.0,156.0,72.0,-59.0,40.0,-5.0,-16.0,64.0,-63.0,95.0,4.0,214.0,-23.0,0.0,-56.0,170.0,53.0,31.0,-51.0,76.0,59.0,21.0,-87.0,380.0,-411.0,63.0,-3.0,-22.0,-399.0,39.0,-23.0,-25.0,165.0,-52.0,59.0,-8.0,-42.0,-84.0,19.0,-44.0,74.0,-172.0,56.0,-41.0,43.0,-106.0,-156.0,91.0,-104.0
5,2015-30,1662,19.0,-39.0,17.0,86.0,74.0,-116.0,156.0,72.0,-59.0,40.0,-5.0,-16.0,64.0,-63.0,95.0,4.0,214.0,-23.0,0.0,-56.0,170.0,53.0,31.0,-51.0,76.0,59.0,21.0,-87.0,380.0,-411.0,63.0,-3.0,-22.0,-399.0,39.0,-23.0,-25.0,165.0,-52.0,59.0,-8.0,-42.0,-84.0,19.0,-44.0,74.0,-172.0,56.0,-41.0,43.0,-106.0,-156.0,91.0
5,2015-31,1511,-151.0,19.0,-39.0,17.0,86.0,74.0,-116.0,156.0,72.0,-59.0,40.0,-5.0,-16.0,64.0,-63.0,95.0,4.0,214.0,-23.0,0.0,-56.0,170.0,53.0,31.0,-51.0,76.0,59.0,21.0,-87.0,380.0,-411.0,63.0,-3.0,-22.0,-399.0,39.0,-23.0,-25.0,165.0,-52.0,59.0,-8.0,-42.0,-84.0,19.0,-44.0,74.0,-172.0,56.0,-41.0,43.0,-106.0,-156.0
5,2015-32,1501,-10.0,-151.0,19.0,-39.0,17.0,86.0,74.0,-116.0,156.0,72.0,-59.0,40.0,-5.0,-16.0,64.0,-63.0,95.0,4.0,214.0,-23.0,0.0,-56.0,170.0,53.0,31.0,-51.0,76.0,59.0,21.0,-87.0,380.0,-411.0,63.0,-3.0,-22.0,-399.0,39.0,-23.0,-25.0,165.0,-52.0,59.0,-8.0,-42.0,-84.0,19.0,-44.0,74.0,-172.0,56.0,-41.0,43.0,-106.0
5,2015-33,1435,-66.0,-10.0,-151.0,19.0,-39.0,17.0,86.0,74.0,-116.0,156.0,72.0,-59.0,40.0,-5.0,-16.0,64.0,-63.0,95.0,4.0,214.0,-23.0,0.0,-56.0,170.0,53.0,31.0,-51.0,76.0,59.0,21.0,-87.0,380.0,-411.0,63.0,-3.0,-22.0,-399.0,39.0,-23.0,-25.0,165.0,-52.0,59.0,-8.0,-42.0,-84.0,19.0,-44.0,74.0,-172.0,56.0,-41.0,43.0
5,2015-34,1462,27.0,-66.0,-10.0,-151.0,19.0,-39.0,17.0,86.0,74.0,-116.0,156.0,72.0,-59.0,40.0,-5.0,-16.0,64.0,-63.0,95.0,4.0,214.0,-23.0,0.0,-56.0,170.0,53.0,31.0,-51.0,76.0,59.0,21.0,-87.0,380.0,-411.0,63.0,-3.0,-22.0,-399.0,39.0,-23.0,-25.0,165.0,-52.0,59.0,-8.0,-42.0,-84.0,19.0,-44.0,74.0,-172.0,56.0,-41.0
5,2015-35,1508,46.0,27.0,-66.0,-10.0,-151.0,19.0,-39.0,17.0,86.0,74.0,-116.0,156.0,72.0,-59.0,40.0,-5.0,-16.0,64.0,-63.0,95.0,4.0,214.0,-23.0,0.0,-56.0,170.0,53.0,31.0,-51.0,76.0,59.0,21.0,-87.0,380.0,-411.0,63.0,-3.0,-22.0,-399.0,39.0,-23.0,-25.0,165.0,-52.0,59.0,-8.0,-42.0,-84.0,19.0,-44.0,74.0,-172.0,56.0
5,2015-36,1318,-190.0,46.0,27.0,-66.0,-10.0,-151.0,19.0,-39.0,17.0,86.0,74.0,-116.0,156.0,72.0,-59.0,40.0,-5.0,-16.0,64.0,-63.0,95.0,4.0,214.0,-23.0,0.0,-56.0,170.0,53.0,31.0,-51.0,76.0,59.0,21.0,-87.0,380.0,-411.0,63.0,-3.0,-22.0,-399.0,39.0,-23.0,-25.0,165.0,-52.0,59.0,-8.0,-42.0,-84.0,19.0,-44.0,74.0,-172.0
5,2015-37,1307,-11.0,-190.0,46.0,27.0,-66.0,-10.0,-151.0,19.0,-39.0,17.0,86.0,74.0,-116.0,156.0,72.0,-59.0,40.0,-5.0,-16.0,64.0,-63.0,95.0,4.0,214.0,-23.0,0.0,-56.0,170.0,53.0,31.0,-51.0,76.0,59.0,21.0,-87.0,380.0,-411.0,63.0,-3.0,-22.0,-399.0,39.0,-23.0,-25.0,165.0,-52.0,59.0,-8.0,-42.0,-84.0,19.0,-44.0,74.0
5,2015-38,1304,-3.0,-11.0,-190.0,46.0,27.0,-66.0,-10.0,-151.0,19.0,-39.0,17.0,86.0,74.0,-116.0,156.0,72.0,-59.0,40.0,-5.0,-16.0,64.0,-63.0,95.0,4.0,214.0,-23.0,0.0,-56.0,170.0,53.0,31.0,-51.0,76.0,59.0,21.0,-87.0,380.0,-411.0,63.0,-3.0,-22.0,-399.0,39.0,-23.0,-25.0,165.0,-52.0,59.0,-8.0,-42.0,-84.0,19.0,-44.0
5,2015-39,1359,55.0,-3.0,-11.0,-190.0,46.0,27.0,-66.0,-10.0,-151.0,19.0,-39.0,17.0,86.0,74.0,-116.0,156.0,72.0,-59.0,40.0,-5.0,-16.0,64.0,-63.0,95.0,4.0,214.0,-23.0,0.0,-56.0,170.0,53.0,31.0,-51.0,76.0,59.0,21.0,-87.0,380.0,-411.0,63.0,-3.0,-22.0,-399.0,39.0,-23.0,-25.0,165.0,-52.0,59.0,-8.0,-42.0,-84.0,19.0
5,2015-40,1241,-118.0,55.0,-3.0,-11.0,-190.0,46.0,27.0,-66.0,-10.0,-151.0,19.0,-39.0,17.0,86.0,74.0,-116.0,156.0,72.0,-59.0,40.0,-5.0,-16.0,64.0,-63.0,95.0,4.0,214.0,-23.0,0.0,-56.0,170.0,53.0,31.0,-51.0,76.0,59.0,21.0,-87.0,380.0,-411.0,63.0,-3.0,-22.0,-399.0,39.0,-23.0,-25.0,165.0,-52.0,59.0,-8.0,-42.0,-84.0
5,2015-41,1270,29.0,-118.0,55.0,-3.0,-11.0,-190.0,46.0,27.0,-66.0,-10.0,-151.0,19.0,-39.0,17.0,86.0,74.0,-116.0,156.0,72.0,-59.0,40.0,-5.0,-16.0,64.0,-63.0,95.0,4.0,214.0,-23.0,0.0,-56.0,170.0,53.0,31.0,-51.0,76.0,59.0,21.0,-87.0,380.0,-411.0,63.0,-3.0,-22.0,-399.0,39.0,-23.0,-25.0,165.0,-52.0,59.0,-8.0,-42.0
5,2015-42,1219,-51.0,29.0,-118.0,55.0,-3.0,-11.0,-190.0,46.0,27.0,-66.0,-10.0,-151.0,19.0,-39.0,17.0,86.0,74.0,-116.0,156.0,72.0,-59.0,40.0,-5.0,-16.0,64.0,-63.0,95.0,4.0,214.0,-23.0,0.0,-56.0,170.0,53.0,31.0,-51.0,76.0,59.0,21.0,-87.0,380.0,-411.0,63.0,-3.0,-22.0,-399.0,39.0,-23.0,-25.0,165.0,-52.0,59.0,-8.0
5,2015-43,1298,79.0,-51.0,29.0,-118.0,55.0,-3.0,-11.0,-190.0,46.0,27.0,-66.0,-10.0,-151.0,19.0,-39.0,17.0,86.0,74.0,-116.0,156.0,72.0,-59.0,40.0,-5.0,-16.0,64.0,-63.0,95.0,4.0,214.0,-23.0,0.0,-56.0,170.0,53.0,31.0,-51.0,76.0,59.0,21.0,-87.0,380.0,-411.0,63.0,-3.0,-22.0,-399.0,39.0,-23.0,-25.0,165.0,-52.0,59.0
5,2015-44,1255,-43.0,79.0,-51.0,29.0,-118.0,55.0,-3.0,-11.0,-190.0,46.0,27.0,-66.0,-10.0,-151.0,19.0,-39.0,17.0,86.0,74.0,-116.0,156.0,72.0,-59.0,40.0,-5.0,-16.0,64.0,-63.0,95.0,4.0,214.0,-23.0,0.0,-56.0,170.0,53.0,31.0,-51.0,76.0,59.0,21.0,-87.0,380.0,-411.0,63.0,-3.0,-22.0,-399.0,39.0,-23.0,-25.0,165.0,-52.0
5,2015-45,1395,140.0,-43.0,79.0,-51.0,29.0,-118.0,55.0,-3.0,-11.0,-190.0,46.0,27.0,-66.0,-10.0,-151.0,19.0,-39.0,17.0,86.0,74.0,-116.0,156.0,72.0,-59.0,40.0,-5.0,-16.0,64.0,-63.0,95.0,4.0,214.0,-23.0,0.0,-56.0,170.0,53.0,31.0,-51.0,76.0,59.0,21.0,-87.0,380.0,-411.0,63.0,-3.0,-22.0,-399.0,39.0,-23.0,-25.0,165.0
5,2015-46,1302,-93.0,140.0,-43.0,79.0,-51.0,29.0,-118.0,55.0,-3.0,-11.0,-190.0,46.0,27.0,-66.0,-10.0,-151.0,19.0,-39.0,17.0,86.0,74.0,-116.0,156.0,72.0,-59.0,40.0,-5.0,-16.0,64.0,-63.0,95.0,4.0,214.0,-23.0,0.0,-56.0,170.0,53.0,31.0,-51.0,76.0,59.0,21.0,-87.0,380.0,-411.0,63.0,-3.0,-22.0,-399.0,39.0,-23.0,-25.0
5,2015-47,1373,71.0,-93.0,140.0,-43.0,79.0,-51.0,29.0,-118.0,55.0,-3.0,-11.0,-190.0,46.0,27.0,-66.0,-10.0,-151.0,19.0,-39.0,17.0,86.0,74.0,-116.0,156.0,72.0,-59.0,40.0,-5.0,-16.0,64.0,-63.0,95.0,4.0,214.0,-23.0,0.0,-56.0,170.0,53.0,31.0,-51.0,76.0,59.0,21.0,-87.0,380.0,-411.0,63.0,-3.0,-22.0,-399.0,39.0,-23.0
5,2015-48,1372,-1.0,71.0,-93.0,140.0,-43.0,79.0,-51.0,29.0,-118.0,55.0,-3.0,-11.0,-190.0,46.0,27.0,-66.0,-10.0,-151.0,19.0,-39.0,17.0,86.0,74.0,-116.0,156.0,72.0,-59.0,40.0,-5.0,-16.0,64.0,-63.0,95.0,4.0,214.0,-23.0,0.0,-56.0,170.0,53.0,31.0,-51.0,76.0,59.0,21.0,-87.0,380.0,-411.0,63.0,-3.0,-22.0,-399.0,39.0
5,2015-49,1056,-316.0,-1.0,71.0,-93.0,140.0,-43.0,79.0,-51.0,29.0,-118.0,55.0,-3.0,-11.0,-190.0,46.0,27.0,-66.0,-10.0,-151.0,19.0,-39.0,17.0,86.0,74.0,-116.0,156.0,72.0,-59.0,40.0,-5.0,-16.0,64.0,-63.0,95.0,4.0,214.0,-23.0,0.0,-56.0,170.0,53.0,31.0,-51.0,76.0,59.0,21.0,-87.0,380.0,-411.0,63.0,-3.0,-22.0,-399.0
5,2015-50,994,-62.0,-316.0,-1.0,71.0,-93.0,140.0,-43.0,79.0,-51.0,29.0,-118.0,55.0,-3.0,-11.0,-190.0,46.0,27.0,-66.0,-10.0,-151.0,19.0,-39.0,17.0,86.0,74.0,-116.0,156.0,72.0,-59.0,40.0,-5.0,-16.0,64.0,-63.0,95.0,4.0,214.0,-23.0,0.0,-56.0,170.0,53.0,31.0,-51.0,76.0,59.0,21.0,-87.0,380.0,-411.0,63.0,-3.0,-22.0
5,2015-51,941,-53.0,-62.0,-316.0,-1.0,71.0,-93.0,140.0,-43.0,79.0,-51.0,29.0,-118.0,55.0,-3.0,-11.0,-190.0,46.0,27.0,-66.0,-10.0,-151.0,19.0,-39.0,17.0,86.0,74.0,-116.0,156.0,72.0,-59.0,40.0,-5.0,-16.0,64.0,-63.0,95.0,4.0,214.0,-23.0,0.0,-56.0,170.0,53.0,31.0,-51.0,76.0,59.0,21.0,-87.0,380.0,-411.0,63.0,-3.0
5,2015-52,974,33.0,-53.0,-62.0,-316.0,-1.0,71.0,-93.0,140.0,-43.0,79.0,-51.0,29.0,-118.0,55.0,-3.0,-11.0,-190.0,46.0,27.0,-66.0,-10.0,-151.0,19.0,-39.0,17.0,86.0,74.0,-116.0,156.0,72.0,-59.0,40.0,-5.0,-16.0,64.0,-63.0,95.0,4.0,214.0,-23.0,0.0,-56.0,170.0,53.0,31.0,-51.0,76.0,59.0,21.0,-87.0,380.0,-411.0,63.0
5,2015-53,462,-512.0,33.0,-53.0,-62.0,-316.0,-1.0,71.0,-93.0,140.0,-43.0,79.0,-51.0,29.0,-118.0,55.0,-3.0,-11.0,-190.0,46.0,27.0,-66.0,-10.0,-151.0,19.0,-39.0,17.0,86.0,74.0,-116.0,156.0,72.0,-59.0,40.0,-5.0,-16.0,64.0,-63.0,95.0,4.0,214.0,-23.0,0.0,-56.0,170.0,53.0,31.0,-51.0,76.0,59.0,21.0,-87.0,380.0,-411.0
5,2016-01,908,446.0,-512.0,33.0,-53.0,-62.0,-316.0,-1.0,71.0,-93.0,140.0,-43.0,79.0,-51.0,29.0,-118.0,55.0,-3.0,-11.0,-190.0,46.0,27.0,-66.0,-10.0,-151.0,19.0,-39.0,17.0,86.0,74.0,-116.0,156.0,72.0,-59.0,40.0,-5.0,-16.0,64.0,-63.0,95.0,4.0,214.0,-23.0,0.0,-56.0,170.0,53.0,31.0,-51.0,76.0,59.0,21.0,-87.0,380.0
5,2016-02,924,16.0,446.0,-512.0,33.0,-53.0,-62.0,-316.0,-1.0,71.0,-93.0,140.0,-43.0,79.0,-51.0,29.0,-118.0,55.0,-3.0,-11.0,-190.0,46.0,27.0,-66.0,-10.0,-151.0,19.0,-39.0,17.0,86.0,74.0,-116.0,156.0,72.0,-59.0,40.0,-5.0,-16.0,64.0,-63.0,95.0,4.0,214.0,-23.0,0.0,-56.0,170.0,53.0,31.0,-51.0,76.0,59.0,21.0,-87.0
5,2016-03,908,-16.0,16.0,446.0,-512.0,33.0,-53.0,-62.0,-316.0,-1.0,71.0,-93.0,140.0,-43.0,79.0,-51.0,29.0,-118.0,55.0,-3.0,-11.0,-190.0,46.0,27.0,-66.0,-10.0,-151.0,19.0,-39.0,17.0,86.0,74.0,-116.0,156.0,72.0,-59.0,40.0,-5.0,-16.0,64.0,-63.0,95.0,4.0,214.0,-23.0,0.0,-56.0,170.0,53.0,31.0,-51.0,76.0,59.0,21.0
5,2016-04,998,90.0,-16.0,16.0,446.0,-512.0,33.0,-53.0,-62.0,-316.0,-1.0,71.0,-93.0,140.0,-43.0,79.0,-51.0,29.0,-118.0,55.0,-3.0,-11.0,-190.0,46.0,27.0,-66.0,-10.0,-151.0,19.0,-39.0,17.0,86.0,74.0,-116.0,156.0,72.0,-59.0,40.0,-5.0,-16.0,64.0,-63.0,95.0,4.0,214.0,-23.0,0.0,-56.0,170.0,53.0,31.0,-51.0,76.0,59.0
5,2016-05,1063,65.0,90.0,-16.0,16.0,446.0,-512.0,33.0,-53.0,-62.0,-316.0,-1.0,71.0,-93.0,140.0,-43.0,79.0,-51.0,29.0,-118.0,55.0,-3.0,-11.0,-190.0,46.0,27.0,-66.0,-10.0,-151.0,19.0,-39.0,17.0,86.0,74.0,-116.0,156.0,72.0,-59.0,40.0,-5.0,-16.0,64.0,-63.0,95.0,4.0,214.0,-23.0,0.0,-56.0,170.0,53.0,31.0,-51.0,76.0
5,2016-06,1017,-46.0,65.0,90.0,-16.0,16.0,446.0,-512.0,33.0,-53.0,-62.0,-316.0,-1.0,71.0,-93.0,140.0,-43.0,79.0,-51.0,29.0,-118.0,55.0,-3.0,-11.0,-190.0,46.0,27.0,-66.0,-10.0,-151.0,19.0,-39.0,17.0,86.0,74.0,-116.0,156.0,72.0,-59.0,40.0,-5.0,-16.0,64.0,-63.0,95.0,4.0,214.0,-23.0,0.0,-56.0,170.0,53.0,31.0,-51.0
5,2016-07,1082,65.0,-46.0,65.0,90.0,-16.0,16.0,446.0,-512.0,33.0,-53.0,-62.0,-316.0,-1.0,71.0,-93.0,140.0,-43.0,79.0,-51.0,29.0,-118.0,55.0,-3.0,-11.0,-190.0,46.0,27.0,-66.0,-10.0,-151.0,19.0,-39.0,17.0,86.0,74.0,-116.0,156.0,72.0,-59.0,40.0,-5.0,-16.0,64.0,-63.0,95.0,4.0,214.0,-23.0,0.0,-56.0,170.0,53.0,31.0
5,2016-08,1042,-40.0,65.0,-46.0,65.0,90.0,-16.0,16.0,446.0,-512.0,33.0,-53.0,-62.0,-316.0,-1.0,71.0,-93.0,140.0,-43.0,79.0,-51.0,29.0,-118.0,55.0,-3.0,-11.0,-190.0,46.0,27.0,-66.0,-10.0,-151.0,19.0,-39.0,17.0,86.0,74.0,-116.0,156.0,72.0,-59.0,40.0,-5.0,-16.0,64.0,-63.0,95.0,4.0,214.0,-23.0,0.0,-56.0,170.0,53.0
5,2016-09,1248,206.0,-40.0,65.0,-46.0,65.0,90.0,-16.0,16.0,446.0,-512.0,33.0,-53.0,-62.0,-316.0,-1.0,71.0,-93.0,140.0,-43.0,79.0,-51.0,29.0,-118.0,55.0,-3.0,-11.0,-190.0,46.0,27.0,-66.0,-10.0,-151.0,19.0,-39.0,17.0,86.0,74.0,-116.0,156.0,72.0,-59.0,40.0,-5.0,-16.0,64.0,-63.0,95.0,4.0,214.0,-23.0,0.0,-56.0,170.0
5,2016-10,1337,89.0,206.0,-40.0,65.0,-46.0,65.0,90.0,-16.0,16.0,446.0,-512.0,33.0,-53.0,-62.0,-316.0,-1.0,71.0,-93.0,140.0,-43.0,79.0,-51.0,29.0,-118.0,55.0,-3.0,-11.0,-190.0,46.0,27.0,-66.0,-10.0,-151.0,19.0,-39.0,17.0,86.0,74.0,-116.0,156.0,72.0,-59.0,40.0,-5.0,-16.0,64.0,-63.0,95.0,4.0,214.0,-23.0,0.0,-56.0
5,2016-11,1203,-134.0,89.0,206.0,-40.0,65.0,-46.0,65.0,90.0,-16.0,16.0,446.0,-512.0,33.0,-53.0,-62.0,-316.0,-1.0,71.0,-93.0,140.0,-43.0,79.0,-51.0,29.0,-118.0,55.0,-3.0,-11.0,-190.0,46.0,27.0,-66.0,-10.0,-151.0,19.0,-39.0,17.0,86.0,74.0,-116.0,156.0,72.0,-59.0,40.0,-5.0,-16.0,64.0,-63.0,95.0,4.0,214.0,-23.0,0.0
5,2016-12,1281,78.0,-134.0,89.0,206.0,-40.0,65.0,-46.0,65.0,90.0,-16.0,16.0,446.0,-512.0,33.0,-53.0,-62.0,-316.0,-1.0,71.0,-93.0,140.0,-43.0,79.0,-51.0,29.0,-118.0,55.0,-3.0,-11.0,-190.0,46.0,27.0,-66.0,-10.0,-151.0,19.0,-39.0,17.0,86.0,74.0,-116.0,156.0,72.0,-59.0,40.0,-5.0,-16.0,64.0,-63.0,95.0,4.0,214.0,-23.0
5,2016-13,1390,109.0,78.0,-134.0,89.0,206.0,-40.0,65.0,-46.0,65.0,90.0,-16.0,16.0,446.0,-512.0,33.0,-53.0,-62.0,-316.0,-1.0,71.0,-93.0,140.0,-43.0,79.0,-51.0,29.0,-118.0,55.0,-3.0,-11.0,-190.0,46.0,27.0,-66.0,-10.0,-151.0,19.0,-39.0,17.0,86.0,74.0,-116.0,156.0,72.0,-59.0,40.0,-5.0,-16.0,64.0,-63.0,95.0,4.0,214.0
5,2016-14,1448,58.0,109.0,78.0,-134.0,89.0,206.0,-40.0,65.0,-46.0,65.0,90.0,-16.0,16.0,446.0,-512.0,33.0,-53.0,-62.0,-316.0,-1.0,71.0,-93.0,140.0,-43.0,79.0,-51.0,29.0,-118.0,55.0,-3.0,-11.0,-190.0,46.0,27.0,-66.0,-10.0,-151.0,19.0,-39.0,17.0,86.0,74.0,-116.0,156.0,72.0,-59.0,40.0,-5.0,-16.0,64.0,-63.0,95.0,4.0
5,2016-15,1498,50.0,58.0,109.0,78.0,-134.0,89.0,206.0,-40.0,65.0,-46.0,65.0,90.0,-16.0,16.0,446.0,-512.0,33.0,-53.0,-62.0,-316.0,-1.0,71.0,-93.0,140.0,-43.0,79.0,-51.0,29.0,-118.0,55.0,-3.0,-11.0,-190.0,46.0,27.0,-66.0,-10.0,-151.0,19.0,-39.0,17.0,86.0,74.0,-116.0,156.0,72.0,-59.0,40.0,-5.0,-16.0,64.0,-63.0,95.0
5,2016-16,1491,-7.0,50.0,58.0,109.0,78.0,-134.0,89.0,206.0,-40.0,65.0,-46.0,65.0,90.0,-16.0,16.0,446.0,-512.0,33.0,-53.0,-62.0,-316.0,-1.0,71.0,-93.0,140.0,-43.0,79.0,-51.0,29.0,-118.0,55.0,-3.0,-11.0,-190.0,46.0,27.0,-66.0,-10.0,-151.0,19.0,-39.0,17.0,86.0,74.0,-116.0,156.0,72.0,-59.0,40.0,-5.0,-16.0,64.0,-63.0
5,2016-17,1541,50.0,-7.0,50.0,58.0,109.0,78.0,-134.0,89.0,206.0,-40.0,65.0,-46.0,65.0,90.0,-16.0,16.0,446.0,-512.0,33.0,-53.0,-62.0,-316.0,-1.0,71.0,-93.0,140.0,-43.0,79.0,-51.0,29.0,-118.0,55.0,-3.0,-11.0,-190.0,46.0,27.0,-66.0,-10.0,-151.0,19.0,-39.0,17.0,86.0,74.0,-116.0,156.0,72.0,-59.0,40.0,-5.0,-16.0,64.0
5,2016-18,1521,-20.0,50.0,-7.0,50.0,58.0,109.0,78.0,-134.0,89.0,206.0,-40.0,65.0,-46.0,65.0,90.0,-16.0,16.0,446.0,-512.0,33.0,-53.0,-62.0,-316.0,-1.0,71.0,-93.0,140.0,-43.0,79.0,-51.0,29.0,-118.0,55.0,-3.0,-11.0,-190.0,46.0,27.0,-66.0,-10.0,-151.0,19.0,-39.0,17.0,86.0,74.0,-116.0,156.0,72.0,-59.0,40.0,-5.0,-16.0
5,2016-19,1591,70.0,-20.0,50.0,-7.0,50.0,58.0,109.0,78.0,-134.0,89.0,206.0,-40.0,65.0,-46.0,65.0,90.0,-16.0,16.0,446.0,-512.0,33.0,-53.0,-62.0,-316.0,-1.0,71.0,-93.0,140.0,-43.0,79.0,-51.0,29.0,-118.0,55.0,-3.0,-11.0,-190.0,46.0,27.0,-66.0,-10.0,-151.0,19.0,-39.0,17.0,86.0,74.0,-116.0,156.0,72.0,-59.0,40.0,-5.0
5,2016-20,1587,-4.0,70.0,-20.0,50.0,-7.0,50.0,58.0,109.0,78.0,-134.0,89.0,206.0,-40.0,65.0,-46.0,65.0,90.0,-16.0,16.0,446.0,-512.0,33.0,-53.0,-62.0,-316.0,-1.0,71.0,-93.0,140.0,-43.0,79.0,-51.0,29.0,-118.0,55.0,-3.0,-11.0,-190.0,46.0,27.0,-66.0,-10.0,-151.0,19.0,-39.0,17.0,86.0,74.0,-116.0,156.0,72.0,-59.0,40.0
5,2016-21,1619,32.0,-4.0,70.0,-20.0,50.0,-7.0,50.0,58.0,109.0,78.0,-134.0,89.0,206.0,-40.0,65.0,-46.0,65.0,90.0,-16.0,16.0,446.0,-512.0,33.0,-53.0,-62.0,-316.0,-1.0,71.0,-93.0,140.0,-43.0,79.0,-51.0,29.0,-118.0,55.0,-3.0,-11.0,-190.0,46.0,27.0,-66.0,-10.0,-151.0,19.0,-39.0,17.0,86.0,74.0,-116.0,156.0,72.0,-59.0
5,2016-22,1657,38.0,32.0,-4.0,70.0,-20.0,50.0,-7.0,50.0,58.0,109.0,78.0,-134.0,89.0,206.0,-40.0,65.0,-46.0,65.0,90.0,-16.0,16.0,446.0,-512.0,33.0,-53.0,-62.0,-316.0,-1.0,71.0,-93.0,140.0,-43.0,79.0,-51.0,29.0,-118.0,55.0,-3.0,-11.0,-190.0,46.0,27.0,-66.0,-10.0,-151.0,19.0,-39.0,17.0,86.0,74.0,-116.0,156.0,72.0
5,2016-23,1718,61.0,38.0,32.0,-4.0,70.0,-20.0,50.0,-7.0,50.0,58.0,109.0,78.0,-134.0,89.0,206.0,-40.0,65.0,-46.0,65.0,90.0,-16.0,16.0,446.0,-512.0,33.0,-53.0,-62.0,-316.0,-1.0,71.0,-93.0,140.0,-43.0,79.0,-51.0,29.0,-118.0,55.0,-3.0,-11.0,-190.0,46.0,27.0,-66.0,-10.0,-151.0,19.0,-39.0,17.0,86.0,74.0,-116.0,156.0
5,2016-24,1684,-34.0,61.0,38.0,32.0,-4.0,70.0,-20.0,50.0,-7.0,50.0,58.0,109.0,78.0,-134.0,89.0,206.0,-40.0,65.0,-46.0,65.0,90.0,-16.0,16.0,446.0,-512.0,33.0,-53.0,-62.0,-316.0,-1.0,71.0,-93.0,140.0,-43.0,79.0,-51.0,29.0,-118.0,55.0,-3.0,-11.0,-190.0,46.0,27.0,-66.0,-10.0,-151.0,19.0,-39.0,17.0,86.0,74.0,-116.0
5,2016-25,1659,-25.0,-34.0,61.0,38.0,32.0,-4.0,70.0,-20.0,50.0,-7.0,50.0,58.0,109.0,78.0,-134.0,89.0,206.0,-40.0,65.0,-46.0,65.0,90.0,-16.0,16.0,446.0,-512.0,33.0,-53.0,-62.0,-316.0,-1.0,71.0,-93.0,140.0,-43.0,79.0,-51.0,29.0,-118.0,55.0,-3.0,-11.0,-190.0,46.0,27.0,-66.0,-10.0,-151.0,19.0,-39.0,17.0,86.0,74.0
5,2016-26,1802,143.0,-25.0,-34.0,61.0,38.0,32.0,-4.0,70.0,-20.0,50.0,-7.0,50.0,58.0,109.0,78.0,-134.0,89.0,206.0,-40.0,65.0,-46.0,65.0,90.0,-16.0,16.0,446.0,-512.0,33.0,-53.0,-62.0,-316.0,-1.0,71.0,-93.0,140.0,-43.0,79.0,-51.0,29.0,-118.0,55.0,-3.0,-11.0,-190.0,46.0,27.0,-66.0,-10.0,-151.0,19.0,-39.0,17.0,86.0
5,2016-27,1822,20.0,143.0,-25.0,-34.0,61.0,38.0,32.0,-4.0,70.0,-20.0,50.0,-7.0,50.0,58.0,109.0,78.0,-134.0,89.0,206.0,-40.0,65.0,-46.0,65.0,90.0,-16.0,16.0,446.0,-512.0,33.0,-53.0,-62.0,-316.0,-1.0,71.0,-93.0,140.0,-43.0,79.0,-51.0,29.0,-118.0,55.0,-3.0,-11.0,-190.0,46.0,27.0,-66.0,-10.0,-151.0,19.0,-39.0,17.0
5,2016-28,1817,-5.0,20.0,143.0,-25.0,-34.0,61.0,38.0,32.0,-4.0,70.0,-20.0,50.0,-7.0,50.0,58.0,109.0,78.0,-134.0,89.0,206.0,-40.0,65.0,-46.0,65.0,90.0,-16.0,16.0,446.0,-512.0,33.0,-53.0,-62.0,-316.0,-1.0,71.0,-93.0,140.0,-43.0,79.0,-51.0,29.0,-118.0,55.0,-3.0,-11.0,-190.0,46.0,27.0,-66.0,-10.0,-151.0,19.0,-39.0
5,2016-29,1809,-8.0,-5.0,20.0,143.0,-25.0,-34.0,61.0,38.0,32.0,-4.0,70.0,-20.0,50.0,-7.0,50.0,58.0,109.0,78.0,-134.0,89.0,206.0,-40.0,65.0,-46.0,65.0,90.0,-16.0,16.0,446.0,-512.0,33.0,-53.0,-62.0,-316.0,-1.0,71.0,-93.0,140.0,-43.0,79.0,-51.0,29.0,-118.0,55.0,-3.0,-11.0,-190.0,46.0,27.0,-66.0,-10.0,-151.0,19.0
5,2016-30,1819,10.0,-8.0,-5.0,20.0,143.0,-25.0,-34.0,61.0,38.0,32.0,-4.0,70.0,-20.0,50.0,-7.0,50.0,58.0,109.0,78.0,-134.0,89.0,206.0,-40.0,65.0,-46.0,65.0,90.0,-16.0,16.0,446.0,-512.0,33.0,-53.0,-62.0,-316.0,-1.0,71.0,-93.0,140.0,-43.0,79.0,-51.0,29.0,-118.0,55.0,-3.0,-11.0,-190.0,46.0,27.0,-66.0,-10.0,-151.0
5,2016-31,1569,-250.0,10.0,-8.0,-5.0,20.0,143.0,-25.0,-34.0,61.0,38.0,32.0,-4.0,70.0,-20.0,50.0,-7.0,50.0,58.0,109.0,78.0,-134.0,89.0,206.0,-40.0,65.0,-46.0,65.0,90.0,-16.0,16.0,446.0,-512.0,33.0,-53.0,-62.0,-316.0,-1.0,71.0,-93.0,140.0,-43.0,79.0,-51.0,29.0,-118.0,55.0,-3.0,-11.0,-190.0,46.0,27.0,-66.0,-10.0
5,2016-32,1578,9.0,-250.0,10.0,-8.0,-5.0,20.0,143.0,-25.0,-34.0,61.0,38.0,32.0,-4.0,70.0,-20.0,50.0,-7.0,50.0,58.0,109.0,78.0,-134.0,89.0,206.0,-40.0,65.0,-46.0,65.0,90.0,-16.0,16.0,446.0,-512.0,33.0,-53.0,-62.0,-316.0,-1.0,71.0,-93.0,140.0,-43.0,79.0,-51.0,29.0,-118.0,55.0,-3.0,-11.0,-190.0,46.0,27.0,-66.0
5,2016-33,1525,-53.0,9.0,-250.0,10.0,-8.0,-5.0,20.0,143.0,-25.0,-34.0,61.0,38.0,32.0,-4.0,70.0,-20.0,50.0,-7.0,50.0,58.0,109.0,78.0,-134.0,89.0,206.0,-40.0,65.0,-46.0,65.0,90.0,-16.0,16.0,446.0,-512.0,33.0,-53.0,-62.0,-316.0,-1.0,71.0,-93.0,140.0,-43.0,79.0,-51.0,29.0,-118.0,55.0,-3.0,-11.0,-190.0,46.0,27.0
5,2016-34,1620,95.0,-53.0,9.0,-250.0,10.0,-8.0,-5.0,20.0,143.0,-25.0,-34.0,61.0,38.0,32.0,-4.0,70.0,-20.0,50.0,-7.0,50.0,58.0,109.0,78.0,-134.0,89.0,206.0,-40.0,65.0,-46.0,65.0,90.0,-16.0,16.0,446.0,-512.0,33.0,-53.0,-62.0,-316.0,-1.0,71.0,-93.0,140.0,-43.0,79.0,-51.0,29.0,-118.0,55.0,-3.0,-11.0,-190.0,46.0
5,2016-35,1510,-110.0,95.0,-53.0,9.0,-250.0,10.0,-8.0,-5.0,20.0,143.0,-25.0,-34.0,61.0,38.0,32.0,-4.0,70.0,-20.0,50.0,-7.0,50.0,58.0,109.0,78.0,-134.0,89.0,206.0,-40.0,65.0,-46.0,65.0,90.0,-16.0,16.0,446.0,-512.0,33.0,-53.0,-62.0,-316.0,-1.0,71.0,-93.0,140.0,-43.0,79.0,-51.0,29.0,-118.0,55.0,-3.0,-11.0,-190.0
5,2016-36,1404,-106.0,-110.0,95.0,-53.0,9.0,-250.0,10.0,-8.0,-5.0,20.0,143.0,-25.0,-34.0,61.0,38.0,32.0,-4.0,70.0,-20.0,50.0,-7.0,50.0,58.0,109.0,78.0,-134.0,89.0,206.0,-40.0,65.0,-46.0,65.0,90.0,-16.0,16.0,446.0,-512.0,33.0,-53.0,-62.0,-316.0,-1.0,71.0,-93.0,140.0,-43.0,79.0,-51.0,29.0,-118.0,55.0,-3.0,-11.0
5,2016-37,1490,86.0,-106.0,-110.0,95.0,-53.0,9.0,-250.0,10.0,-8.0,-5.0,20.0,143.0,-25.0,-34.0,61.0,38.0,32.0,-4.0,70.0,-20.0,50.0,-7.0,50.0,58.0,109.0,78.0,-134.0,89.0,206.0,-40.0,65.0,-46.0,65.0,90.0,-16.0,16.0,446.0,-512.0,33.0,-53.0,-62.0,-316.0,-1.0,71.0,-93.0,140.0,-43.0,79.0,-51.0,29.0,-118.0,55.0,-3.0
5,2016-38,1492,2.0,86.0,-106.0,-110.0,95.0,-53.0,9.0,-250.0,10.0,-8.0,-5.0,20.0,143.0,-25.0,-34.0,61.0,38.0,32.0,-4.0,70.0,-20.0,50.0,-7.0,50.0,58.0,109.0,78.0,-134.0,89.0,206.0,-40.0,65.0,-46.0,65.0,90.0,-16.0,16.0,446.0,-512.0,33.0,-53.0,-62.0,-316.0,-1.0,71.0,-93.0,140.0,-43.0,79.0,-51.0,29.0,-118.0,55.0
5,2016-39,1447,-45.0,2.0,86.0,-106.0,-110.0,95.0,-53.0,9.0,-250.0,10.0,-8.0,-5.0,20.0,143.0,-25.0,-34.0,61.0,38.0,32.0,-4.0,70.0,-20.0,50.0,-7.0,50.0,58.0,109.0,78.0,-134.0,89.0,206.0,-40.0,65.0,-46.0,65.0,90.0,-16.0,16.0,446.0,-512.0,33.0,-53.0,-62.0,-316.0,-1.0,71.0,-93.0,140.0,-43.0,79.0,-51.0,29.0,-118.0
5,2016-40,1315,-132.0,-45.0,2.0,86.0,-106.0,-110.0,95.0,-53.0,9.0,-250.0,10.0,-8.0,-5.0,20.0,143.0,-25.0,-34.0,61.0,38.0,32.0,-4.0,70.0,-20.0,50.0,-7.0,50.0,58.0,109.0,78.0,-134.0,89.0,206.0,-40.0,65.0,-46.0,65.0,90.0,-16.0,16.0,446.0,-512.0,33.0,-53.0,-62.0,-316.0,-1.0,71.0,-93.0,140.0,-43.0,79.0,-51.0,29.0
5,2016-41,1342,27.0,-132.0,-45.0,2.0,86.0,-106.0,-110.0,95.0,-53.0,9.0,-250.0,10.0,-8.0,-5.0,20.0,143.0,-25.0,-34.0,61.0,38.0,32.0,-4.0,70.0,-20.0,50.0,-7.0,50.0,58.0,109.0,78.0,-134.0,89.0,206.0,-40.0,65.0,-46.0,65.0,90.0,-16.0,16.0,446.0,-512.0,33.0,-53.0,-62.0,-316.0,-1.0,71.0,-93.0,140.0,-43.0,79.0,-51.0
5,2016-42,1371,29.0,27.0,-132.0,-45.0,2.0,86.0,-106.0,-110.0,95.0,-53.0,9.0,-250.0,10.0,-8.0,-5.0,20.0,143.0,-25.0,-34.0,61.0,38.0,32.0,-4.0,70.0,-20.0,50.0,-7.0,50.0,58.0,109.0,78.0,-134.0,89.0,206.0,-40.0,65.0,-46.0,65.0,90.0,-16.0,16.0,446.0,-512.0,33.0,-53.0,-62.0,-316.0,-1.0,71.0,-93.0,140.0,-43.0,79.0
5,2016-43,1346,-25.0,29.0,27.0,-132.0,-45.0,2.0,86.0,-106.0,-110.0,95.0,-53.0,9.0,-250.0,10.0,-8.0,-5.0,20.0,143.0,-25.0,-34.0,61.0,38.0,32.0,-4.0,70.0,-20.0,50.0,-7.0,50.0,58.0,109.0,78.0,-134.0,89.0,206.0,-40.0,65.0,-46.0,65.0,90.0,-16.0,16.0,446.0,-512.0,33.0,-53.0,-62.0,-316.0,-1.0,71.0,-93.0,140.0,-43.0
5,2016-44,1448,102.0,-25.0,29.0,27.0,-132.0,-45.0,2.0,86.0,-106.0,-110.0,95.0,-53.0,9.0,-250.0,10.0,-8.0,-5.0,20.0,143.0,-25.0,-34.0,61.0,38.0,32.0,-4.0,70.0,-20.0,50.0,-7.0,50.0,58.0,109.0,78.0,-134.0,89.0,206.0,-40.0,65.0,-46.0,65.0,90.0,-16.0,16.0,446.0,-512.0,33.0,-53.0,-62.0,-316.0,-1.0,71.0,-93.0,140.0
5,2016-45,1480,32.0,102.0,-25.0,29.0,27.0,-132.0,-45.0,2.0,86.0,-106.0,-110.0,95.0,-53.0,9.0,-250.0,10.0,-8.0,-5.0,20.0,143.0,-25.0,-34.0,61.0,38.0,32.0,-4.0,70.0,-20.0,50.0,-7.0,50.0,58.0,109.0,78.0,-134.0,89.0,206.0,-40.0,65.0,-46.0,65.0,90.0,-16.0,16.0,446.0,-512.0,33.0,-53.0,-62.0,-316.0,-1.0,71.0,-93.0
5,2016-46,1513,33.0,32.0,102.0,-25.0,29.0,27.0,-132.0,-45.0,2.0,86.0,-106.0,-110.0,95.0,-53.0,9.0,-250.0,10.0,-8.0,-5.0,20.0,143.0,-25.0,-34.0,61.0,38.0,32.0,-4.0,70.0,-20.0,50.0,-7.0,50.0,58.0,109.0,78.0,-134.0,89.0,206.0,-40.0,65.0,-46.0,65.0,90.0,-16.0,16.0,446.0,-512.0,33.0,-53.0,-62.0,-316.0,-1.0,71.0
5,2016-47,1539,26.0,33.0,32.0,102.0,-25.0,29.0,27.0,-132.0,-45.0,2.0,86.0,-106.0,-110.0,95.0,-53.0,9.0,-250.0,10.0,-8.0,-5.0,20.0,143.0,-25.0,-34.0,61.0,38.0,32.0,-4.0,70.0,-20.0,50.0,-7.0,50.0,58.0,109.0,78.0,-134.0,89.0,206.0,-40.0,65.0,-46.0,65.0,90.0,-16.0,16.0,446.0,-512.0,33.0,-53.0,-62.0,-316.0,-1.0
5,2016-48,1194,-345.0,26.0,33.0,32.0,102.0,-25.0,29.0,27.0,-132.0,-45.0,2.0,86.0,-106.0,-110.0,95.0,-53.0,9.0,-250.0,10.0,-8.0,-5.0,20.0,143.0,-25.0,-34.0,61.0,38.0,32.0,-4.0,70.0,-20.0,50.0,-7.0,50.0,58.0,109.0,78.0,-134.0,89.0,206.0,-40.0,65.0,-46.0,65.0,90.0,-16.0,16.0,446.0,-512.0,33.0,-53.0,-62.0,-316.0
5,2016-49,1105,-89.0,-345.0,26.0,33.0,32.0,102.0,-25.0,29.0,27.0,-132.0,-45.0,2.0,86.0,-106.0,-110.0,95.0,-53.0,9.0,-250.0,10.0,-8.0,-5.0,20.0,143.0,-25.0,-34.0,61.0,38.0,32.0,-4.0,70.0,-20.0,50.0,-7.0,50.0,58.0,109.0,78.0,-134.0,89.0,206.0,-40.0,65.0,-46.0,65.0,90.0,-16.0,16.0,446.0,-512.0,33.0,-53.0,-62.0
5,2016-50,1028,-77.0,-89.0,-345.0,26.0,33.0,32.0,102.0,-25.0,29.0,27.0,-132.0,-45.0,2.0,86.0,-106.0,-110.0,95.0,-53.0,9.0,-250.0,10.0,-8.0,-5.0,20.0,143.0,-25.0,-34.0,61.0,38.0,32.0,-4.0,70.0,-20.0,50.0,-7.0,50.0,58.0,109.0,78.0,-134.0,89.0,206.0,-40.0,65.0,-46.0,65.0,90.0,-16.0,16.0,446.0,-512.0,33.0,-53.0
5,2016-51,941,-87.0,-77.0,-89.0,-345.0,26.0,33.0,32.0,102.0,-25.0,29.0,27.0,-132.0,-45.0,2.0,86.0,-106.0,-110.0,95.0,-53.0,9.0,-250.0,10.0,-8.0,-5.0,20.0,143.0,-25.0,-34.0,61.0,38.0,32.0,-4.0,70.0,-20.0,50.0,-7.0,50.0,58.0,109.0,78.0,-134.0,89.0,206.0,-40.0,65.0,-46.0,65.0,90.0,-16.0,16.0,446.0,-512.0,33.0
5,2016-52,877,-64.0,-87.0,-77.0,-89.0,-345.0,26.0,33.0,32.0,102.0,-25.0,29.0,27.0,-132.0,-45.0,2.0,86.0,-106.0,-110.0,95.0,-53.0,9.0,-250.0,10.0,-8.0,-5.0,20.0,143.0,-25.0,-34.0,61.0,38.0,32.0,-4.0,70.0,-20.0,50.0,-7.0,50.0,58.0,109.0,78.0,-134.0,89.0,206.0,-40.0,65.0,-46.0,65.0,90.0,-16.0,16.0,446.0,-512.0
5,2016-53,425,-452.0,-64.0,-87.0,-77.0,-89.0,-345.0,26.0,33.0,32.0,102.0,-25.0,29.0,27.0,-132.0,-45.0,2.0,86.0,-106.0,-110.0,95.0,-53.0,9.0,-250.0,10.0,-8.0,-5.0,20.0,143.0,-25.0,-34.0,61.0,38.0,32.0,-4.0,70.0,-20.0,50.0,-7.0,50.0,58.0,109.0,78.0,-134.0,89.0,206.0,-40.0,65.0,-46.0,65.0,90.0,-16.0,16.0,446.0
5,2017-01,1012,587.0,-452.0,-64.0,-87.0,-77.0,-89.0,-345.0,26.0,33.0,32.0,102.0,-25.0,29.0,27.0,-132.0,-45.0,2.0,86.0,-106.0,-110.0,95.0,-53.0,9.0,-250.0,10.0,-8.0,-5.0,20.0,143.0,-25.0,-34.0,61.0,38.0,32.0,-4.0,70.0,-20.0,50.0,-7.0,50.0,58.0,109.0,78.0,-134.0,89.0,206.0,-40.0,65.0,-46.0,65.0,90.0,-16.0,16.0
5,2017-02,1022,10.0,587.0,-452.0,-64.0,-87.0,-77.0,-89.0,-345.0,26.0,33.0,32.0,102.0,-25.0,29.0,27.0,-132.0,-45.0,2.0,86.0,-106.0,-110.0,95.0,-53.0,9.0,-250.0,10.0,-8.0,-5.0,20.0,143.0,-25.0,-34.0,61.0,38.0,32.0,-4.0,70.0,-20.0,50.0,-7.0,50.0,58.0,109.0,78.0,-134.0,89.0,206.0,-40.0,65.0,-46.0,65.0,90.0,-16.0
5,2017-03,1044,22.0,10.0,587.0,-452.0,-64.0,-87.0,-77.0,-89.0,-345.0,26.0,33.0,32.0,102.0,-25.0,29.0,27.0,-132.0,-45.0,2.0,86.0,-106.0,-110.0,95.0,-53.0,9.0,-250.0,10.0,-8.0,-5.0,20.0,143.0,-25.0,-34.0,61.0,38.0,32.0,-4.0,70.0,-20.0,50.0,-7.0,50.0,58.0,109.0,78.0,-134.0,89.0,206.0,-40.0,65.0,-46.0,65.0,90.0
5,2017-04,1007,-37.0,22.0,10.0,587.0,-452.0,-64.0,-87.0,-77.0,-89.0,-345.0,26.0,33.0,32.0,102.0,-25.0,29.0,27.0,-132.0,-45.0,2.0,86.0,-106.0,-110.0,95.0,-53.0,9.0,-250.0,10.0,-8.0,-5.0,20.0,143.0,-25.0,-34.0,61.0,38.0,32.0,-4.0,70.0,-20.0,50.0,-7.0,50.0,58.0,109.0,78.0,-134.0,89.0,206.0,-40.0,65.0,-46.0,65.0
5,2017-05,1048,41.0,-37.0,22.0,10.0,587.0,-452.0,-64.0,-87.0,-77.0,-89.0,-345.0,26.0,33.0,32.0,102.0,-25.0,29.0,27.0,-132.0,-45.0,2.0,86.0,-106.0,-110.0,95.0,-53.0,9.0,-250.0,10.0,-8.0,-5.0,20.0,143.0,-25.0,-34.0,61.0,38.0,32.0,-4.0,70.0,-20.0,50.0,-7.0,50.0,58.0,109.0,78.0,-134.0,89.0,206.0,-40.0,65.0,-46.0
5,2017-06,1104,56.0,41.0,-37.0,22.0,10.0,587.0,-452.0,-64.0,-87.0,-77.0,-89.0,-345.0,26.0,33.0,32.0,102.0,-25.0,29.0,27.0,-132.0,-45.0,2.0,86.0,-106.0,-110.0,95.0,-53.0,9.0,-250.0,10.0,-8.0,-5.0,20.0,143.0,-25.0,-34.0,61.0,38.0,32.0,-4.0,70.0,-20.0,50.0,-7.0,50.0,58.0,109.0,78.0,-134.0,89.0,206.0,-40.0,65.0
5,2017-07,1141,37.0,56.0,41.0,-37.0,22.0,10.0,587.0,-452.0,-64.0,-87.0,-77.0,-89.0,-345.0,26.0,33.0,32.0,102.0,-25.0,29.0,27.0,-132.0,-45.0,2.0,86.0,-106.0,-110.0,95.0,-53.0,9.0,-250.0,10.0,-8.0,-5.0,20.0,143.0,-25.0,-34.0,61.0,38.0,32.0,-4.0,70.0,-20.0,50.0,-7.0,50.0,58.0,109.0,78.0,-134.0,89.0,206.0,-40.0
5,2017-08,1090,-51.0,37.0,56.0,41.0,-37.0,22.0,10.0,587.0,-452.0,-64.0,-87.0,-77.0,-89.0,-345.0,26.0,33.0,32.0,102.0,-25.0,29.0,27.0,-132.0,-45.0,2.0,86.0,-106.0,-110.0,95.0,-53.0,9.0,-250.0,10.0,-8.0,-5.0,20.0,143.0,-25.0,-34.0,61.0,38.0,32.0,-4.0,70.0,-20.0,50.0,-7.0,50.0,58.0,109.0,78.0,-134.0,89.0,206.0
5,2017-09,1216,126.0,-51.0,37.0,56.0,41.0,-37.0,22.0,10.0,587.0,-452.0,-64.0,-87.0,-77.0,-89.0,-345.0,26.0,33.0,32.0,102.0,-25.0,29.0,27.0,-132.0,-45.0,2.0,86.0,-106.0,-110.0,95.0,-53.0,9.0,-250.0,10.0,-8.0,-5.0,20.0,143.0,-25.0,-34.0,61.0,38.0,32.0,-4.0,70.0,-20.0,50.0,-7.0,50.0,58.0,109.0,78.0,-134.0,89.0
5,2017-10,1318,102.0,126.0,-51.0,37.0,56.0,41.0,-37.0,22.0,10.0,587.0,-452.0,-64.0,-87.0,-77.0,-89.0,-345.0,26.0,33.0,32.0,102.0,-25.0,29.0,27.0,-132.0,-45.0,2.0,86.0,-106.0,-110.0,95.0,-53.0,9.0,-250.0,10.0,-8.0,-5.0,20.0,143.0,-25.0,-34.0,61.0,38.0,32.0,-4.0,70.0,-20.0,50.0,-7.0,50.0,58.0,109.0,78.0,-134.0
5,2017-11,1282,-36.0,102.0,126.0,-51.0,37.0,56.0,41.0,-37.0,22.0,10.0,587.0,-452.0,-64.0,-87.0,-77.0,-89.0,-345.0,26.0,33.0,32.0,102.0,-25.0,29.0,27.0,-132.0,-45.0,2.0,86.0,-106.0,-110.0,95.0,-53.0,9.0,-250.0,10.0,-8.0,-5.0,20.0,143.0,-25.0,-34.0,61.0,38.0,32.0,-4.0,70.0,-20.0,50.0,-7.0,50.0,58.0,109.0,78.0
5,2017-12,1335,53.0,-36.0,102.0,126.0,-51.0,37.0,56.0,41.0,-37.0,22.0,10.0,587.0,-452.0,-64.0,-87.0,-77.0,-89.0,-345.0,26.0,33.0,32.0,102.0,-25.0,29.0,27.0,-132.0,-45.0,2.0,86.0,-106.0,-110.0,95.0,-53.0,9.0,-250.0,10.0,-8.0,-5.0,20.0,143.0,-25.0,-34.0,61.0,38.0,32.0,-4.0,70.0,-20.0,50.0,-7.0,50.0,58.0,109.0
5,2017-13,1388,53.0,53.0,-36.0,102.0,126.0,-51.0,37.0,56.0,41.0,-37.0,22.0,10.0,587.0,-452.0,-64.0,-87.0,-77.0,-89.0,-345.0,26.0,33.0,32.0,102.0,-25.0,29.0,27.0,-132.0,-45.0,2.0,86.0,-106.0,-110.0,95.0,-53.0,9.0,-250.0,10.0,-8.0,-5.0,20.0,143.0,-25.0,-34.0,61.0,38.0,32.0,-4.0,70.0,-20.0,50.0,-7.0,50.0,58.0
5,2017-14,1541,153.0,53.0,53.0,-36.0,102.0,126.0,-51.0,37.0,56.0,41.0,-37.0,22.0,10.0,587.0,-452.0,-64.0,-87.0,-77.0,-89.0,-345.0,26.0,33.0,32.0,102.0,-25.0,29.0,27.0,-132.0,-45.0,2.0,86.0,-106.0,-110.0,95.0,-53.0,9.0,-250.0,10.0,-8.0,-5.0,20.0,143.0,-25.0,-34.0,61.0,38.0,32.0,-4.0,70.0,-20.0,50.0,-7.0,50.0
5,2017-15,1546,5.0,153.0,53.0,53.0,-36.0,102.0,126.0,-51.0,37.0,56.0,41.0,-37.0,22.0,10.0,587.0,-452.0,-64.0,-87.0,-77.0,-89.0,-345.0,26.0,33.0,32.0,102.0,-25.0,29.0,27.0,-132.0,-45.0,2.0,86.0,-106.0,-110.0,95.0,-53.0,9.0,-250.0,10.0,-8.0,-5.0,20.0,143.0,-25.0,-34.0,61.0,38.0,32.0,-4.0,70.0,-20.0,50.0,-7.0
5,2017-16,1539,-7.0,5.0,153.0,53.0,53.0,-36.0,102.0,126.0,-51.0,37.0,56.0,41.0,-37.0,22.0,10.0,587.0,-452.0,-64.0,-87.0,-77.0,-89.0,-345.0,26.0,33.0,32.0,102.0,-25.0,29.0,27.0,-132.0,-45.0,2.0,86.0,-106.0,-110.0,95.0,-53.0,9.0,-250.0,10.0,-8.0,-5.0,20.0,143.0,-25.0,-34.0,61.0,38.0,32.0,-4.0,70.0,-20.0,50.0
5,2017-17,1528,-11.0,-7.0,5.0,153.0,53.0,53.0,-36.0,102.0,126.0,-51.0,37.0,56.0,41.0,-37.0,22.0,10.0,587.0,-452.0,-64.0,-87.0,-77.0,-89.0,-345.0,26.0,33.0,32.0,102.0,-25.0,29.0,27.0,-132.0,-45.0,2.0,86.0,-106.0,-110.0,95.0,-53.0,9.0,-250.0,10.0,-8.0,-5.0,20.0,143.0,-25.0,-34.0,61.0,38.0,32.0,-4.0,70.0,-20.0
5,2017-18,1649,121.0,-11.0,-7.0,5.0,153.0,53.0,53.0,-36.0,102.0,126.0,-51.0,37.0,56.0,41.0,-37.0,22.0,10.0,587.0,-452.0,-64.0,-87.0,-77.0,-89.0,-345.0,26.0,33.0,32.0,102.0,-25.0,29.0,27.0,-132.0,-45.0,2.0,86.0,-106.0,-110.0,95.0,-53.0,9.0,-250.0,10.0,-8.0,-5.0,20.0,143.0,-25.0,-34.0,61.0,38.0,32.0,-4.0,70.0
5,2017-19,1572,-77.0,121.0,-11.0,-7.0,5.0,153.0,53.0,53.0,-36.0,102.0,126.0,-51.0,37.0,56.0,41.0,-37.0,22.0,10.0,587.0,-452.0,-64.0,-87.0,-77.0,-89.0,-345.0,26.0,33.0,32.0,102.0,-25.0,29.0,27.0,-132.0,-45.0,2.0,86.0,-106.0,-110.0,95.0,-53.0,9.0,-250.0,10.0,-8.0,-5.0,20.0,143.0,-25.0,-34.0,61.0,38.0,32.0,-4.0
5,2017-20,1682,110.0,-77.0,121.0,-11.0,-7.0,5.0,153.0,53.0,53.0,-36.0,102.0,126.0,-51.0,37.0,56.0,41.0,-37.0,22.0,10.0,587.0,-452.0,-64.0,-87.0,-77.0,-89.0,-345.0,26.0,33.0,32.0,102.0,-25.0,29.0,27.0,-132.0,-45.0,2.0,86.0,-106.0,-110.0,95.0,-53.0,9.0,-250.0,10.0,-8.0,-5.0,20.0,143.0,-25.0,-34.0,61.0,38.0,32.0
5,2017-21,1639,-43.0,110.0,-77.0,121.0,-11.0,-7.0,5.0,153.0,53.0,53.0,-36.0,102.0,126.0,-51.0,37.0,56.0,41.0,-37.0,22.0,10.0,587.0,-452.0,-64.0,-87.0,-77.0,-89.0,-345.0,26.0,33.0,32.0,102.0,-25.0,29.0,27.0,-132.0,-45.0,2.0,86.0,-106.0,-110.0,95.0,-53.0,9.0,-250.0,10.0,-8.0,-5.0,20.0,143.0,-25.0,-34.0,61.0,38.0
5,2017-22,1743,104.0,-43.0,110.0,-77.0,121.0,-11.0,-7.0,5.0,153.0,53.0,53.0,-36.0,102.0,126.0,-51.0,37.0,56.0,41.0,-37.0,22.0,10.0,587.0,-452.0,-64.0,-87.0,-77.0,-89.0,-345.0,26.0,33.0,32.0,102.0,-25.0,29.0,27.0,-132.0,-45.0,2.0,86.0,-106.0,-110.0,95.0,-53.0,9.0,-250.0,10.0,-8.0,-5.0,20.0,143.0,-25.0,-34.0,61.0
5,2017-23,1811,68.0,104.0,-43.0,110.0,-77.0,121.0,-11.0,-7.0,5.0,153.0,53.0,53.0,-36.0,102.0,126.0,-51.0,37.0,56.0,41.0,-37.0,22.0,10.0,587.0,-452.0,-64.0,-87.0,-77.0,-89.0,-345.0,26.0,33.0,32.0,102.0,-25.0,29.0,27.0,-132.0,-45.0,2.0,86.0,-106.0,-110.0,95.0,-53.0,9.0,-250.0,10.0,-8.0,-5.0,20.0,143.0,-25.0,-34.0
5,2017-24,1738,-73.0,68.0,104.0,-43.0,110.0,-77.0,121.0,-11.0,-7.0,5.0,153.0,53.0,53.0,-36.0,102.0,126.0,-51.0,37.0,56.0,41.0,-37.0,22.0,10.0,587.0,-452.0,-64.0,-87.0,-77.0,-89.0,-345.0,26.0,33.0,32.0,102.0,-25.0,29.0,27.0,-132.0,-45.0,2.0,86.0,-106.0,-110.0,95.0,-53.0,9.0,-250.0,10.0,-8.0,-5.0,20.0,143.0,-25.0
5,2017-25,1703,-35.0,-73.0,68.0,104.0,-43.0,110.0,-77.0,121.0,-11.0,-7.0,5.0,153.0,53.0,53.0,-36.0,102.0,126.0,-51.0,37.0,56.0,41.0,-37.0,22.0,10.0,587.0,-452.0,-64.0,-87.0,-77.0,-89.0,-345.0,26.0,33.0,32.0,102.0,-25.0,29.0,27.0,-132.0,-45.0,2.0,86.0,-106.0,-110.0,95.0,-53.0,9.0,-250.0,10.0,-8.0,-5.0,20.0,143.0
5,2017-26,1845,142.0,-35.0,-73.0,68.0,104.0,-43.0,110.0,-77.0,121.0,-11.0,-7.0,5.0,153.0,53.0,53.0,-36.0,102.0,126.0,-51.0,37.0,56.0,41.0,-37.0,22.0,10.0,587.0,-452.0,-64.0,-87.0,-77.0,-89.0,-345.0,26.0,33.0,32.0,102.0,-25.0,29.0,27.0,-132.0,-45.0,2.0,86.0,-106.0,-110.0,95.0,-53.0,9.0,-250.0,10.0,-8.0,-5.0,20.0
5,2017-27,1870,25.0,142.0,-35.0,-73.0,68.0,104.0,-43.0,110.0,-77.0,121.0,-11.0,-7.0,5.0,153.0,53.0,53.0,-36.0,102.0,126.0,-51.0,37.0,56.0,41.0,-37.0,22.0,10.0,587.0,-452.0,-64.0,-87.0,-77.0,-89.0,-345.0,26.0,33.0,32.0,102.0,-25.0,29.0,27.0,-132.0,-45.0,2.0,86.0,-106.0,-110.0,95.0,-53.0,9.0,-250.0,10.0,-8.0,-5.0
5,2017-28,1855,-15.0,25.0,142.0,-35.0,-73.0,68.0,104.0,-43.0,110.0,-77.0,121.0,-11.0,-7.0,5.0,153.0,53.0,53.0,-36.0,102.0,126.0,-51.0,37.0,56.0,41.0,-37.0,22.0,10.0,587.0,-452.0,-64.0,-87.0,-77.0,-89.0,-345.0,26.0,33.0,32.0,102.0,-25.0,29.0,27.0,-132.0,-45.0,2.0,86.0,-106.0,-110.0,95.0,-53.0,9.0,-250.0,10.0,-8.0
5,2017-29,1892,37.0,-15.0,25.0,142.0,-35.0,-73.0,68.0,104.0,-43.0,110.0,-77.0,121.0,-11.0,-7.0,5.0,153.0,53.0,53.0,-36.0,102.0,126.0,-51.0,37.0,56.0,41.0,-37.0,22.0,10.0,587.0,-452.0,-64.0,-87.0,-77.0,-89.0,-345.0,26.0,33.0,32.0,102.0,-25.0,29.0,27.0,-132.0,-45.0,2.0,86.0,-106.0,-110.0,95.0,-53.0,9.0,-250.0,10.0
5,2017-30,1793,-99.0,37.0,-15.0,25.0,142.0,-35.0,-73.0,68.0,104.0,-43.0,110.0,-77.0,121.0,-11.0,-7.0,5.0,153.0,53.0,53.0,-36.0,102.0,126.0,-51.0,37.0,56.0,41.0,-37.0,22.0,10.0,587.0,-452.0,-64.0,-87.0,-77.0,-89.0,-345.0,26.0,33.0,32.0,102.0,-25.0,29.0,27.0,-132.0,-45.0,2.0,86.0,-106.0,-110.0,95.0,-53.0,9.0,-250.0
5,2017-31,1631,-162.0,-99.0,37.0,-15.0,25.0,142.0,-35.0,-73.0,68.0,104.0,-43.0,110.0,-77.0,121.0,-11.0,-7.0,5.0,153.0,53.0,53.0,-36.0,102.0,126.0,-51.0,37.0,56.0,41.0,-37.0,22.0,10.0,587.0,-452.0,-64.0,-87.0,-77.0,-89.0,-345.0,26.0,33.0,32.0,102.0,-25.0,29.0,27.0,-132.0,-45.0,2.0,86.0,-106.0,-110.0,95.0,-53.0,9.0
5,2017-32,1633,2.0,-162.0,-99.0,37.0,-15.0,25.0,142.0,-35.0,-73.0,68.0,104.0,-43.0,110.0,-77.0,121.0,-11.0,-7.0,5.0,153.0,53.0,53.0,-36.0,102.0,126.0,-51.0,37.0,56.0,41.0,-37.0,22.0,10.0,587.0,-452.0,-64.0,-87.0,-77.0,-89.0,-345.0,26.0,33.0,32.0,102.0,-25.0,29.0,27.0,-132.0,-45.0,2.0,86.0,-106.0,-110.0,95.0,-53.0
5,2017-33,1585,-48.0,2.0,-162.0,-99.0,37.0,-15.0,25.0,142.0,-35.0,-73.0,68.0,104.0,-43.0,110.0,-77.0,121.0,-11.0,-7.0,5.0,153.0,53.0,53.0,-36.0,102.0,126.0,-51.0,37.0,56.0,41.0,-37.0,22.0,10.0,587.0,-452.0,-64.0,-87.0,-77.0,-89.0,-345.0,26.0,33.0,32.0,102.0,-25.0,29.0,27.0,-132.0,-45.0,2.0,86.0,-106.0,-110.0,95.0
5,2017-34,1608,23.0,-48.0,2.0,-162.0,-99.0,37.0,-15.0,25.0,142.0,-35.0,-73.0,68.0,104.0,-43.0,110.0,-77.0,121.0,-11.0,-7.0,5.0,153.0,53.0,53.0,-36.0,102.0,126.0,-51.0,37.0,56.0,41.0,-37.0,22.0,10.0,587.0,-452.0,-64.0,-87.0,-77.0,-89.0,-345.0,26.0,33.0,32.0,102.0,-25.0,29.0,27.0,-132.0,-45.0,2.0,86.0,-106.0,-110.0
5,2017-35,1612,4.0,23.0,-48.0,2.0,-162.0,-99.0,37.0,-15.0,25.0,142.0,-35.0,-73.0,68.0,104.0,-43.0,110.0,-77.0,121.0,-11.0,-7.0,5.0,153.0,53.0,53.0,-36.0,102.0,126.0,-51.0,37.0,56.0,41.0,-37.0,22.0,10.0,587.0,-452.0,-64.0,-87.0,-77.0,-89.0,-345.0,26.0,33.0,32.0,102.0,-25.0,29.0,27.0,-132.0,-45.0,2.0,86.0,-106.0
5,2017-36,1527,-85.0,4.0,23.0,-48.0,2.0,-162.0,-99.0,37.0,-15.0,25.0,142.0,-35.0,-73.0,68.0,104.0,-43.0,110.0,-77.0,121.0,-11.0,-7.0,5.0,153.0,53.0,53.0,-36.0,102.0,126.0,-51.0,37.0,56.0,41.0,-37.0,22.0,10.0,587.0,-452.0,-64.0,-87.0,-77.0,-89.0,-345.0,26.0,33.0,32.0,102.0,-25.0,29.0,27.0,-132.0,-45.0,2.0,86.0
5,2017-37,1506,-21.0,-85.0,4.0,23.0,-48.0,2.0,-162.0,-99.0,37.0,-15.0,25.0,142.0,-35.0,-73.0,68.0,104.0,-43.0,110.0,-77.0,121.0,-11.0,-7.0,5.0,153.0,53.0,53.0,-36.0,102.0,126.0,-51.0,37.0,56.0,41.0,-37.0,22.0,10.0,587.0,-452.0,-64.0,-87.0,-77.0,-89.0,-345.0,26.0,33.0,32.0,102.0,-25.0,29.0,27.0,-132.0,-45.0,2.0
5,2017-38,1580,74.0,-21.0,-85.0,4.0,23.0,-48.0,2.0,-162.0,-99.0,37.0,-15.0,25.0,142.0,-35.0,-73.0,68.0,104.0,-43.0,110.0,-77.0,121.0,-11.0,-7.0,5.0,153.0,53.0,53.0,-36.0,102.0,126.0,-51.0,37.0,56.0,41.0,-37.0,22.0,10.0,587.0,-452.0,-64.0,-87.0,-77.0,-89.0,-345.0,26.0,33.0,32.0,102.0,-25.0,29.0,27.0,-132.0,-45.0
5,2017-39,1450,-130.0,74.0,-21.0,-85.0,4.0,23.0,-48.0,2.0,-162.0,-99.0,37.0,-15.0,25.0,142.0,-35.0,-73.0,68.0,104.0,-43.0,110.0,-77.0,121.0,-11.0,-7.0,5.0,153.0,53.0,53.0,-36.0,102.0,126.0,-51.0,37.0,56.0,41.0,-37.0,22.0,10.0,587.0,-452.0,-64.0,-87.0,-77.0,-89.0,-345.0,26.0,33.0,32.0,102.0,-25.0,29.0,27.0,-132.0
5,2017-40,1383,-67.0,-130.0,74.0,-21.0,-85.0,4.0,23.0,-48.0,2.0,-162.0,-99.0,37.0,-15.0,25.0,142.0,-35.0,-73.0,68.0,104.0,-43.0,110.0,-77.0,121.0,-11.0,-7.0,5.0,153.0,53.0,53.0,-36.0,102.0,126.0,-51.0,37.0,56.0,41.0,-37.0,22.0,10.0,587.0,-452.0,-64.0,-87.0,-77.0,-89.0,-345.0,26.0,33.0,32.0,102.0,-25.0,29.0,27.0
5,2017-41,1404,21.0,-67.0,-130.0,74.0,-21.0,-85.0,4.0,23.0,-48.0,2.0,-162.0,-99.0,37.0,-15.0,25.0,142.0,-35.0,-73.0,68.0,104.0,-43.0,110.0,-77.0,121.0,-11.0,-7.0,5.0,153.0,53.0,53.0,-36.0,102.0,126.0,-51.0,37.0,56.0,41.0,-37.0,22.0,10.0,587.0,-452.0,-64.0,-87.0,-77.0,-89.0,-345.0,26.0,33.0,32.0,102.0,-25.0,29.0
5,2017-42,1362,-42.0,21.0,-67.0,-130.0,74.0,-21.0,-85.0,4.0,23.0,-48.0,2.0,-162.0,-99.0,37.0,-15.0,25.0,142.0,-35.0,-73.0,68.0,104.0,-43.0,110.0,-77.0,121.0,-11.0,-7.0,5.0,153.0,53.0,53.0,-36.0,102.0,126.0,-51.0,37.0,56.0,41.0,-37.0,22.0,10.0,587.0,-452.0,-64.0,-87.0,-77.0,-89.0,-345.0,26.0,33.0,32.0,102.0,-25.0
5,2017-43,1464,102.0,-42.0,21.0,-67.0,-130.0,74.0,-21.0,-85.0,4.0,23.0,-48.0,2.0,-162.0,-99.0,37.0,-15.0,25.0,142.0,-35.0,-73.0,68.0,104.0,-43.0,110.0,-77.0,121.0,-11.0,-7.0,5.0,153.0,53.0,53.0,-36.0,102.0,126.0,-51.0,37.0,56.0,41.0,-37.0,22.0,10.0,587.0,-452.0,-64.0,-87.0,-77.0,-89.0,-345.0,26.0,33.0,32.0,102.0
5,2017-44,1469,5.0,102.0,-42.0,21.0,-67.0,-130.0,74.0,-21.0,-85.0,4.0,23.0,-48.0,2.0,-162.0,-99.0,37.0,-15.0,25.0,142.0,-35.0,-73.0,68.0,104.0,-43.0,110.0,-77.0,121.0,-11.0,-7.0,5.0,153.0,53.0,53.0,-36.0,102.0,126.0,-51.0,37.0,56.0,41.0,-37.0,22.0,10.0,587.0,-452.0,-64.0,-87.0,-77.0,-89.0,-345.0,26.0,33.0,32.0
5,2017-45,1542,73.0,5.0,102.0,-42.0,21.0,-67.0,-130.0,74.0,-21.0,-85.0,4.0,23.0,-48.0,2.0,-162.0,-99.0,37.0,-15.0,25.0,142.0,-35.0,-73.0,68.0,104.0,-43.0,110.0,-77.0,121.0,-11.0,-7.0,5.0,153.0,53.0,53.0,-36.0,102.0,126.0,-51.0,37.0,56.0,41.0,-37.0,22.0,10.0,587.0,-452.0,-64.0,-87.0,-77.0,-89.0,-345.0,26.0,33.0
5,2017-46,1494,-48.0,73.0,5.0,102.0,-42.0,21.0,-67.0,-130.0,74.0,-21.0,-85.0,4.0,23.0,-48.0,2.0,-162.0,-99.0,37.0,-15.0,25.0,142.0,-35.0,-73.0,68.0,104.0,-43.0,110.0,-77.0,121.0,-11.0,-7.0,5.0,153.0,53.0,53.0,-36.0,102.0,126.0,-51.0,37.0,56.0,41.0,-37.0,22.0,10.0,587.0,-452.0,-64.0,-87.0,-77.0,-89.0,-345.0,26.0
5,2017-47,1555,61.0,-48.0,73.0,5.0,102.0,-42.0,21.0,-67.0,-130.0,74.0,-21.0,-85.0,4.0,23.0,-48.0,2.0,-162.0,-99.0,37.0,-15.0,25.0,142.0,-35.0,-73.0,68.0,104.0,-43.0,110.0,-77.0,121.0,-11.0,-7.0,5.0,153.0,53.0,53.0,-36.0,102.0,126.0,-51.0,37.0,56.0,41.0,-37.0,22.0,10.0,587.0,-452.0,-64.0,-87.0,-77.0,-89.0,-345.0
5,2017-48,1352,-203.0,61.0,-48.0,73.0,5.0,102.0,-42.0,21.0,-67.0,-130.0,74.0,-21.0,-85.0,4.0,23.0,-48.0,2.0,-162.0,-99.0,37.0,-15.0,25.0,142.0,-35.0,-73.0,68.0,104.0,-43.0,110.0,-77.0,121.0,-11.0,-7.0,5.0,153.0,53.0,53.0,-36.0,102.0,126.0,-51.0,37.0,56.0,41.0,-37.0,22.0,10.0,587.0,-452.0,-64.0,-87.0,-77.0,-89.0
5,2017-49,1174,-178.0,-203.0,61.0,-48.0,73.0,5.0,102.0,-42.0,21.0,-67.0,-130.0,74.0,-21.0,-85.0,4.0,23.0,-48.0,2.0,-162.0,-99.0,37.0,-15.0,25.0,142.0,-35.0,-73.0,68.0,104.0,-43.0,110.0,-77.0,121.0,-11.0,-7.0,5.0,153.0,53.0,53.0,-36.0,102.0,126.0,-51.0,37.0,56.0,41.0,-37.0,22.0,10.0,587.0,-452.0,-64.0,-87.0,-77.0
5,2017-50,1132,-42.0,-178.0,-203.0,61.0,-48.0,73.0,5.0,102.0,-42.0,21.0,-67.0,-130.0,74.0,-21.0,-85.0,4.0,23.0,-48.0,2.0,-162.0,-99.0,37.0,-15.0,25.0,142.0,-35.0,-73.0,68.0,104.0,-43.0,110.0,-77.0,121.0,-11.0,-7.0,5.0,153.0,53.0,53.0,-36.0,102.0,126.0,-51.0,37.0,56.0,41.0,-37.0,22.0,10.0,587.0,-452.0,-64.0,-87.0
5,2017-51,1085,-47.0,-42.0,-178.0,-203.0,61.0,-48.0,73.0,5.0,102.0,-42.0,21.0,-67.0,-130.0,74.0,-21.0,-85.0,4.0,23.0,-48.0,2.0,-162.0,-99.0,37.0,-15.0,25.0,142.0,-35.0,-73.0,68.0,104.0,-43.0,110.0,-77.0,121.0,-11.0,-7.0,5.0,153.0,53.0,53.0,-36.0,102.0,126.0,-51.0,37.0,56.0,41.0,-37.0,22.0,10.0,587.0,-452.0,-64.0
5,2017-52,1306,221.0,-47.0,-42.0,-178.0,-203.0,61.0,-48.0,73.0,5.0,102.0,-42.0,21.0,-67.0,-130.0,74.0,-21.0,-85.0,4.0,23.0,-48.0,2.0,-162.0,-99.0,37.0,-15.0,25.0,142.0,-35.0,-73.0,68.0,104.0,-43.0,110.0,-77.0,121.0,-11.0,-7.0,5.0,153.0,53.0,53.0,-36.0,102.0,126.0,-51.0,37.0,56.0,41.0,-37.0,22.0,10.0,587.0,-452.0
