item,date,sales,sales_diff,lag_1,lag_2,lag_3,lag_4,lag_5,lag_6,lag_7,lag_8,lag_9,lag_10,lag_11,lag_12,lag_13,lag_14,lag_15,lag_16,lag_17,lag_18,lag_19,lag_20,lag_21,lag_22,lag_23,lag_24,lag_25,lag_26,lag_27,lag_28,lag_29,lag_30,lag_31,lag_32,lag_33,lag_34,lag_35,lag_36,lag_37,lag_38,lag_39,lag_40,lag_41,lag_42,lag_43,lag_44,lag_45,lag_46,lag_47,lag_48,lag_49,lag_50,lag_51,lag_52
4,2014-02,981,-159.0,137.0,43.0,-19.0,-4.0,-286.0,-97.0,-30.0,32.0,68.0,24.0,21.0,-20.0,-39.0,-34.0,-49.0,45.0,-28.0,-91.0,-41.0,7.0,46.0,-114.0,-43.0,-50.0,-31.0,125.0,52.0,34.0,-103.0,-14.0,97.0,88.0,-57.0,42.0,-28.0,122.0,-49.0,-44.0,66.0,163.0,7.0,92.0,-75.0,76.0,115.0,-6.0,38.0,26.0,92.0,-33.0,35.0,-147.0
4,2014-03,956,-25.0,-159.0,137.0,43.0,-19.0,-4.0,-286.0,-97.0,-30.0,32.0,68.0,24.0,21.0,-20.0,-39.0,-34.0,-49.0,45.0,-28.0,-91.0,-41.0,7.0,46.0,-114.0,-43.0,-50.0,-31.0,125.0,52.0,34.0,-103.0,-14.0,97.0,88.0,-57.0,42.0,-28.0,122.0,-49.0,-44.0,66.0,163.0,7.0,92.0,-75.0,76.0,115.0,-6.0,38.0,26.0,92.0,-33.0,35.0
4,2014-04,979,23.0,-25.0,-159.0,137.0,43.0,-19.0,-4.0,-286.0,-97.0,-30.0,32.0,68.0,24.0,21.0,-20.0,-39.0,-34.0,-49.0,45.0,-28.0,-91.0,-41.0,7.0,46.0,-114.0,-43.0,-50.0,-31.0,125.0,52.0,34.0,-103.0,-14.0,97.0,88.0,-57.0,42.0,-28.0,122.0,-49.0,-44.0,66.0,163.0,7.0,92.0,-75.0,76.0,115.0,-6.0,38.0,26.0,92.0,-33.0
4,2014-05,1031,52.0,23.0,-25.0,-159.0,137.0,43.0,-19.0,-4.0,-286.0,-97.0,-30.0,32.0,68.0,24.0,21.0,-20.0,-39.0,-34.0,-49.0,45.0,-28.0,-91.0,-41.0,7.0,46.0,-114.0,-43.0,-50.0,-31.0,125.0,52.0,34.0,-103.0,-14.0,97.0,88.0,-57.0,42.0,-28.0,122.0,-49.0,-44.0,66.0,163.0,7.0,92.0,-75.0,76.0,115.0,-6.0,38.0,26.0,92.0
4,2014-06,1081,50.0,52.0,23.0,-25.0,-159.0,137.0,43.0,-19.0,-4.0,-286.0,-97.0,-30.0,32.0,68.0,24.0,21.0,-20.0,-39.0,-34.0,-49.0,45.0,-28.0,-91.0,-41.0,7.0,46.0,-114.0,-43.0,-50.0,-31.0,125.0,52.0,34.0,-103.0,-14.0,97.0,88.0,-57.0,42.0,-28.0,122.0,-49.0,-44.0,66.0,163.0,7.0,92.0,-75.0,76.0,115.0,-6.0,38.0,26.0
4,2014-07,1107,26.0,50.0,52.0,23.0,-25.0,-159.0,137.0,43.0,-19.0,-4.0,-286.0,-97.0,-30.0,32.0,68.0,24.0,21.0,-20.0,-39.0,-34.0,-49.0,45.0,-28.0,-91.0,-41.0,7.0,46.0,-114.0,-43.0,-50.0,-31.0,125.0,52.0,34.0,-103.0,-14.0,97.0,88.0,-57.0,42.0,-28.0,122.0,-49.0,-44.0,66.0,163.0,7.0,92.0,-75.0,76.0,115.0,-6.0,38.0
4,2014-08,1053,-54.0,26.0,50.0,52.0,23.0,-25.0,-159.0,137.0,43.0,-19.0,-4.0,-286.0,-97.0,-30.0,32.0,68.0,24.0,21.0,-20.0,-39.0,-34.0,-49.0,45.0,-28.0,-91.0,-41.0,7.0,46.0,-114.0,-43.0,-50.0,-31.0,125.0,52.0,34.0,-103.0,-14.0,97.0,88.0,-57.0,42.0,-28.0,122.0,-49.0,-44.0,66.0,163.0,7.0,92.0,-75.0,76.0,115.0,-6.0
4,2014-09,1209,156.0,-54.0,26.0,50.0,52.0,23.0,-25.0,-159.0,137.0,43.0,-19.0,-4.0,-286.0,-97.0,-30.0,32.0,68.0,24.0,21.0,-20.0,-39.0,-34.0,-49.0,45.0,-28.0,-91.0,-41.0,7.0,46.0,-114.0,-43.0,-50.0,-31.0,125.0,52.0,34.0,-103.0,-14.0,97.0,88.0,-57.0,42.0,-28.0,122.0,-49.0,-44.0,66.0,163.0,7.0,92.0,-75.0,76.0,115.0
4,2014-10,1321,112.0,156.0,-54.0,26.0,50.0,52.0,23.0,-25.0,-159.0,137.0,43.0,-19.0,-4.0,-286.0,-97.0,-30.0,32.0,68.0,24.0,21.0,-20.0,-39.0,-34.0,-49.0,45.0,-28.0,-91.0,-41.0,7.0,46.0,-114.0,-43.0,-50.0,-31.0,125.0,52.0,34.0,-103.0,-14.0,97.0,88.0,-57.0,42.0,-28.0,122.0,-49.0,-44.0,66.0,163.0,7.0,92.0,-75.0,76.0
4,2014-11,1311,-10.0,112.0,156.0,-54.0,26.0,50.0,52.0,23.0,-25.0,-159.0,137.0,43.0,-19.0,-4.0,-286.0,-97.0,-30.0,32.0,68.0,24.0,21.0,-20.0,-39.0,-34.0,-49.0,45.0,-28.0,-91.0,-41.0,7.0,46.0,-114.0,-43.0,-50.0,-31.0,125.0,52.0,34.0,-103.0,-14.0,97.0,88.0,-57.0,42.0,-28.0,122.0,-49.0,-44.0,66.0,163.0,7.0,92.0,-75.0
4,2014-12,1351,40.0,-10.0,112.0,156.0,-54.0,26.0,50.0,52.0,23.0,-25.0,-159.0,137.0,43.0,-19.0,-4.0,-286.0,-97.0,-30.0,32.0,68.0,24.0,21.0,-20.0,-39.0,-34.0,-49.0,45.0,-28.0,-91.0,-41.0,7.0,46.0,-114.0,-43.0,-50.0,-31.0,125.0,52.0,34.0,-103.0,-14.0,97.0,88.0,-57.0,42.0,-28.0,122.0,-49.0,-44.0,66.0,163.0,7.0,92.0
4,2014-13,1356,5.0,40.0,-10.0,112.0,156.0,-54.0,26.0,50.0,52.0,23.0,-25.0,-159.0,137.0,43.0,-19.0,-4.0,-286.0,-97.0,-30.0,32.0,68.0,24.0,21.0,-20.0,-39.0,-34.0,-49.0,45.0,-28.0,-91.0,-41.0,7.0,46.0,-114.0,-43.0,-50.0,-31.0,125.0,52.0,34.0,-103.0,-14.0,97.0,88.0,-57.0,42.0,-28.0,122.0,-49.0,-44.0,66.0,163.0,7.0
4,2014-14,1537,181.0,5.0,40.0,-10.0,112.0,156.0,-54.0,26.0,50.0,52.0,23.0,-25.0,-159.0,137.0,43.0,-19.0,-4.0,-286.0,-97.0,-30.0,32.0,68.0,24.0,21.0,-20.0,-39.0,-34.0,-49.0,45.0,-28.0,-91.0,-41.0,7.0,46.0,-114.0,-43.0,-50.0,-31.0,125.0,52.0,34.0,-103.0,-14.0,97.0,88.0,-57.0,42.0,-28.0,122.0,-49.0,-44.0,66.0,163.0
4,2014-15,1567,30.0,181.0,5.0,40.0,-10.0,112.0,156.0,-54.0,26.0,50.0,52.0,23.0,-25.0,-159.0,137.0,43.0,-19.0,-4.0,-286.0,-97.0,-30.0,32.0,68.0,24.0,21.0,-20.0,-39.0,-34.0,-49.0,45.0,-28.0,-91.0,-41.0,7.0,46.0,-114.0,-43.0,-50.0,-31.0,125.0,52.0,34.0,-103.0,-14.0,97.0,88.0,-57.0,42.0,-28.0,122.0,-49.0,-44.0,66.0
4,2014-16,1614,47.0,30.0,181.0,5.0,40.0,-10.0,112.0,156.0,-54.0,26.0,50.0,52.0,23.0,-25.0,-159.0,137.0,43.0,-19.0,-4.0,-286.0,-97.0,-30.0,32.0,68.0,24.0,21.0,-20.0,-39.0,-34.0,-49.0,45.0,-28.0,-91.0,-41.0,7.0,46.0,-114.0,-43.0,-50.0,-31.0,125.0,52.0,34.0,-103.0,-14.0,97.0,88.0,-57.0,42.0,-28.0,122.0,-49.0,-44.0
4,2014-17,1502,-112.0,47.0,30.0,181.0,5.0,40.0,-10.0,112.0,156.0,-54.0,26.0,50.0,52.0,23.0,-25.0,-159.0,137.0,43.0,-19.0,-4.0,-286.0,-97.0,-30.0,32.0,68.0,24.0,21.0,-20.0,-39.0,-34.0,-49.0,45.0,-28.0,-91.0,-41.0,7.0,46.0,-114.0,-43.0,-50.0,-31.0,125.0,52.0,34.0,-103.0,-14.0,97.0,88.0,-57.0,42.0,-28.0,122.0,-49.0
4,2014-18,1642,140.0,-112.0,47.0,30.0,181.0,5.0,40.0,-10.0,112.0,156.0,-54.0,26.0,50.0,52.0,23.0,-25.0,-159.0,137.0,43.0,-19.0,-4.0,-286.0,-97.0,-30.0,32.0,68.0,24.0,21.0,-20.0,-39.0,-34.0,-49.0,45.0,-28.0,-91.0,-41.0,7.0,46.0,-114.0,-43.0,-50.0,-31.0,125.0,52.0,34.0,-103.0,-14.0,97.0,88.0,-57.0,42.0,-28.0,122.0
4,2014-19,1638,-4.0,140.0,-112.0,47.0,30.0,181.0,5.0,40.0,-10.0,112.0,156.0,-54.0,26.0,50.0,52.0,23.0,-25.0,-159.0,137.0,43.0,-19.0,-4.0,-286.0,-97.0,-30.0,32.0,68.0,24.0,21.0,-20.0,-39.0,-34.0,-49.0,45.0,-28.0,-91.0,-41.0,7.0,46.0,-114.0,-43.0,-50.0,-31.0,125.0,52.0,34.0,-103.0,-14.0,97.0,88.0,-57.0,42.0,-28.0
4,2014-20,1690,52.0,-4.0,140.0,-112.0,47.0,30.0,181.0,5.0,40.0,-10.0,112.0,156.0,-54.0,26.0,50.0,52.0,23.0,-25.0,-159.0,137.0,43.0,-19.0,-4.0,-286.0,-97.0,-30.0,32.0,68.0,24.0,21.0,-20.0,-39.0,-34.0,-49.0,45.0,-28.0,-91.0,-41.0,7.0,46.0,-114.0,-43.0,-50.0,-31.0,125.0,52.0,34.0,-103.0,-14.0,97.0,88.0,-57.0,42.0
4,2014-21,1621,-69.0,52.0,-4.0,140.0,-112.0,47.0,30.0,181.0,5.0,40.0,-10.0,112.0,156.0,-54.0,26.0,50.0,52.0,23.0,-25.0,-159.0,137.0,43.0,-19.0,-4.0,-286.0,-97.0,-30.0,32.0,68.0,24.0,21.0,-20.0,-39.0,-34.0,-49.0,45.0,-28.0,-91.0,-41.0,7.0,46.0,-114.0,-43.0,-50.0,-31.0,125.0,52.0,34.0,-103.0,-14.0,97.0,88.0,-57.0
4,2014-22,1680,59.0,-69.0,52.0,-4.0,140.0,-112.0,47.0,30.0,181.0,5.0,40.0,-10.0,112.0,156.0,-54.0,26.0,50.0,52.0,23.0,-25.0,-159.0,137.0,43.0,-19.0,-4.0,-286.0,-97.0,-30.0,32.0,68.0,24.0,21.0,-20.0,-39.0,-34.0,-49.0,45.0,-28.0,-91.0,-41.0,7.0,46.0,-114.0,-43.0,-50.0,-31.0,125.0,52.0,34.0,-103.0,-14.0,97.0,88.0
4,2014-23,1797,117.0,59.0,-69.0,52.0,-4.0,140.0,-112.0,47.0,30.0,181.0,5.0,40.0,-10.0,112.0,156.0,-54.0,26.0,50.0,52.0,23.0,-25.0,-159.0,137.0,43.0,-19.0,-4.0,-286.0,-97.0,-30.0,32.0,68.0,24.0,21.0,-20.0,-39.0,-34.0,-49.0,45.0,-28.0,-91.0,-41.0,7.0,46.0,-114.0,-43.0,-50.0,-31.0,125.0,52.0,34.0,-103.0,-14.0,97.0
4,2014-24,1751,-46.0,117.0,59.0,-69.0,52.0,-4.0,140.0,-112.0,47.0,30.0,181.0,5.0,40.0,-10.0,112.0,156.0,-54.0,26.0,50.0,52.0,23.0,-25.0,-159.0,137.0,43.0,-19.0,-4.0,-286.0,-97.0,-30.0,32.0,68.0,24.0,21.0,-20.0,-39.0,-34.0,-49.0,45.0,-28.0,-91.0,-41.0,7.0,46.0,-114.0,-43.0,-50.0,-31.0,125.0,52.0,34.0,-103.0,-14.0
4,2014-25,1833,82.0,-46.0,117.0,59.0,-69.0,52.0,-4.0,140.0,-112.0,47.0,30.0,181.0,5.0,40.0,-10.0,112.0,156.0,-54.0,26.0,50.0,52.0,23.0,-25.0,-159.0,137.0,43.0,-19.0,-4.0,-286.0,-97.0,-30.0,32.0,68.0,24.0,21.0,-20.0,-39.0,-34.0,-49.0,45.0,-28.0,-91.0,-41.0,7.0,46.0,-114.0,-43.0,-50.0,-31.0,125.0,52.0,34.0,-103.0
4,2014-26,1784,-49.0,82.0,-46.0,117.0,59.0,-69.0,52.0,-4.0,140.0,-112.0,47.0,30.0,181.0,5.0,40.0,-10.0,112.0,156.0,-54.0,26.0,50.0,52.0,23.0,-25.0,-159.0,137.0,43.0,-19.0,-4.0,-286.0,-97.0,-30.0,32.0,68.0,24.0,21.0,-20.0,-39.0,-34.0,-49.0,45.0,-28.0,-91.0,-41.0,7.0,46.0,-114.0,-43.0,-50.0,-31.0,125.0,52.0,34.0
4,2014-27,1916,132.0,-49.0,82.0,-46.0,117.0,59.0,-69.0,52.0,-4.0,140.0,-112.0,47.0,30.0,181.0,5.0,40.0,-10.0,112.0,156.0,-54.0,26.0,50.0,52.0,23.0,-25.0,-159.0,137.0,43.0,-19.0,-4.0,-286.0,-97.0,-30.0,32.0,68.0,24.0,21.0,-20.0,-39.0,-34.0,-49.0,45.0,-28.0,-91.0,-41.0,7.0,46.0,-114.0,-43.0,-50.0,-31.0,125.0,52.0
4,2014-28,1870,-46.0,132.0,-49.0,82.0,-46.0,117.0,59.0,-69.0,52.0,-4.0,140.0,-112.0,47.0,30.0,181.0,5.0,40.0,-10.0,112.0,156.0,-54.0,26.0,50.0,52.0,23.0,-25.0,-159.0,137.0,43.0,-19.0,-4.0,-286.0,-97.0,-30.0,32.0,68.0,24.0,21.0,-20.0,-39.0,-34.0,-49.0,45.0,-28.0,-91.0,-41.0,7.0,46.0,-114.0,-43.0,-50.0,-31.0,125.0
4,2014-29,1982,112.0,-46.0,132.0,-49.0,82.0,-46.0,117.0,59.0,-69.0,52.0,-4.0,140.0,-112.0,47.0,30.0,181.0,5.0,40.0,-10.0,112.0,156.0,-54.0,26.0,50.0,52.0,23.0,-25.0,-159.0,137.0,43.0,-19.0,-4.0,-286.0,-97.0,-30.0,32.0,68.0,24.0,21.0,-20.0,-39.0,-34.0,-49.0,45.0,-28.0,-91.0,-41.0,7.0,46.0,-114.0,-43.0,-50.0,-31.0
4,2014-30,1877,-105.0,112.0,-46.0,132.0,-49.0,82.0,-46.0,117.0,59.0,-69.0,52.0,-4.0,140.0,-112.0,47.0,30.0,181.0,5.0,40.0,-10.0,112.0,156.0,-54.0,26.0,50.0,52.0,23.0,-25.0,-159.0,137.0,43.0,-19.0,-4.0,-286.0,-97.0,-30.0,32.0,68.0,24.0,21.0,-20.0,-39.0,-34.0,-49.0,45.0,-28.0,-91.0,-41.0,7.0,46.0,-114.0,-43.0,-50.0
4,2014-31,1736,-141.0,-105.0,112.0,-46.0,132.0,-49.0,82.0,-46.0,117.0,59.0,-69.0,52.0,-4.0,140.0,-112.0,47.0,30.0,181.0,5.0,40.0,-10.0,112.0,156.0,-54.0,26.0,50.0,52.0,23.0,-25.0,-159.0,137.0,43.0,-19.0,-4.0,-286.0,-97.0,-30.0,32.0,68.0,24.0,21.0,-20.0,-39.0,-34.0,-49.0,45.0,-28.0,-91.0,-41.0,7.0,46.0,-114.0,-43.0
4,2014-32,1711,-25.0,-141.0,-105.0,112.0,-46.0,132.0,-49.0,82.0,-46.0,117.0,59.0,-69.0,52.0,-4.0,140.0,-112.0,47.0,30.0,181.0,5.0,40.0,-10.0,112.0,156.0,-54.0,26.0,50.0,52.0,23.0,-25.0,-159.0,137.0,43.0,-19.0,-4.0,-286.0,-97.0,-30.0,32.0,68.0,24.0,21.0,-20.0,-39.0,-34.0,-49.0,45.0,-28.0,-91.0,-41.0,7.0,46.0,-114.0
4,2014-33,1714,3.0,-25.0,-141.0,-105.0,112.0,-46.0,132.0,-49.0,82.0,-46.0,117.0,59.0,-69.0,52.0,-4.0,140.0,-112.0,47.0,30.0,181.0,5.0,40.0,-10.0,112.0,156.0,-54.0,26.0,50.0,52.0,23.0,-25.0,-159.0,137.0,43.0,-19.0,-4.0,-286.0,-97.0,-30.0,32.0,68.0,24.0,21.0,-20.0,-39.0,-34.0,-49.0,45.0,-28.0,-91.0,-41.0,7.0,46.0
4,2014-34,1644,-70.0,3.0,-25.0,-141.0,-105.0,112.0,-46.0,132.0,-49.0,82.0,-46.0,117.0,59.0,-69.0,52.0,-4.0,140.0,-112.0,47.0,30.0,181.0,5.0,40.0,-10.0,112.0,156.0,-54.0,26.0,50.0,52.0,23.0,-25.0,-159.0,137.0,43.0,-19.0,-4.0,-286.0,-97.0,-30.0,32.0,68.0,24.0,21.0,-20.0,-39.0,-34.0,-49.0,45.0,-28.0,-91.0,-41.0,7.0
4,2014-35,1664,20.0,-70.0,3.0,-25.0,-141.0,-105.0,112.0,-46.0,132.0,-49.0,82.0,-46.0,117.0,59.0,-69.0,52.0,-4.0,140.0,-112.0,47.0,30.0,181.0,5.0,40.0,-10.0,112.0,156.0,-54.0,26.0,50.0,52.0,23.0,-25.0,-159.0,137.0,43.0,-19.0,-4.0,-286.0,-97.0,-30.0,32.0,68.0,24.0,21.0,-20.0,-39.0,-34.0,-49.0,45.0,-28.0,-91.0,-41.0
4,2014-36,1588,-76.0,20.0,-70.0,3.0,-25.0,-141.0,-105.0,112.0,-46.0,132.0,-49.0,82.0,-46.0,117.0,59.0,-69.0,52.0,-4.0,140.0,-112.0,47.0,30.0,181.0,5.0,40.0,-10.0,112.0,156.0,-54.0,26.0,50.0,52.0,23.0,-25.0,-159.0,137.0,43.0,-19.0,-4.0,-286.0,-97.0,-30.0,32.0,68.0,24.0,21.0,-20.0,-39.0,-34.0,-49.0,45.0,-28.0,-91.0
4,2014-37,1596,8.0,-76.0,20.0,-70.0,3.0,-25.0,-141.0,-105.0,112.0,-46.0,132.0,-49.0,82.0,-46.0,117.0,59.0,-69.0,52.0,-4.0,140.0,-112.0,47.0,30.0,181.0,5.0,40.0,-10.0,112.0,156.0,-54.0,26.0,50.0,52.0,23.0,-25.0,-159.0,137.0,43.0,-19.0,-4.0,-286.0,-97.0,-30.0,32.0,68.0,24.0,21.0,-20.0,-39.0,-34.0,-49.0,45.0,-28.0
4,2014-38,1529,-67.0,8.0,-76.0,20.0,-70.0,3.0,-25.0,-141.0,-105.0,112.0,-46.0,132.0,-49.0,82.0,-46.0,117.0,59.0,-69.0,52.0,-4.0,140.0,-112.0,47.0,30.0,181.0,5.0,40.0,-10.0,112.0,156.0,-54.0,26.0,50.0,52.0,23.0,-25.0,-159.0,137.0,43.0,-19.0,-4.0,-286.0,-97.0,-30.0,32.0,68.0,24.0,21.0,-20.0,-39.0,-34.0,-49.0,45.0
4,2014-39,1552,23.0,-67.0,8.0,-76.0,20.0,-70.0,3.0,-25.0,-141.0,-105.0,112.0,-46.0,132.0,-49.0,82.0,-46.0,117.0,59.0,-69.0,52.0,-4.0,140.0,-112.0,47.0,30.0,181.0,5.0,40.0,-10.0,112.0,156.0,-54.0,26.0,50.0,52.0,23.0,-25.0,-159.0,137.0,43.0,-19.0,-4.0,-286.0,-97.0,-30.0,32.0,68.0,24.0,21.0,-20.0,-39.0,-34.0,-49.0
4,2014-40,1579,27.0,23.0,-67.0,8.0,-76.0,20.0,-70.0,3.0,-25.0,-141.0,-105.0,112.0,-46.0,132.0,-49.0,82.0,-46.0,117.0,59.0,-69.0,52.0,-4.0,140.0,-112.0,47.0,30.0,181.0,5.0,40.0,-10.0,112.0,156.0,-54.0,26.0,50.0,52.0,23.0,-25.0,-159.0,137.0,43.0,-19.0,-4.0,-286.0,-97.0,-30.0,32.0,68.0,24.0,21.0,-20.0,-39.0,-34.0
4,2014-41,1429,-150.0,27.0,23.0,-67.0,8.0,-76.0,20.0,-70.0,3.0,-25.0,-141.0,-105.0,112.0,-46.0,132.0,-49.0,82.0,-46.0,117.0,59.0,-69.0,52.0,-4.0,140.0,-112.0,47.0,30.0,181.0,5.0,40.0,-10.0,112.0,156.0,-54.0,26.0,50.0,52.0,23.0,-25.0,-159.0,137.0,43.0,-19.0,-4.0,-286.0,-97.0,-30.0,32.0,68.0,24.0,21.0,-20.0,-39.0
4,2014-42,1461,32.0,-150.0,27.0,23.0,-67.0,8.0,-76.0,20.0,-70.0,3.0,-25.0,-141.0,-105.0,112.0,-46.0,132.0,-49.0,82.0,-46.0,117.0,59.0,-69.0,52.0,-4.0,140.0,-112.0,47.0,30.0,181.0,5.0,40.0,-10.0,112.0,156.0,-54.0,26.0,50.0,52.0,23.0,-25.0,-159.0,137.0,43.0,-19.0,-4.0,-286.0,-97.0,-30.0,32.0,68.0,24.0,21.0,-20.0
4,2014-43,1393,-68.0,32.0,-150.0,27.0,23.0,-67.0,8.0,-76.0,20.0,-70.0,3.0,-25.0,-141.0,-105.0,112.0,-46.0,132.0,-49.0,82.0,-46.0,117.0,59.0,-69.0,52.0,-4.0,140.0,-112.0,47.0,30.0,181.0,5.0,40.0,-10.0,112.0,156.0,-54.0,26.0,50.0,52.0,23.0,-25.0,-159.0,137.0,43.0,-19.0,-4.0,-286.0,-97.0,-30.0,32.0,68.0,24.0,21.0
4,2014-44,1484,91.0,-68.0,32.0,-150.0,27.0,23.0,-67.0,8.0,-76.0,20.0,-70.0,3.0,-25.0,-141.0,-105.0,112.0,-46.0,132.0,-49.0,82.0,-46.0,117.0,59.0,-69.0,52.0,-4.0,140.0,-112.0,47.0,30.0,181.0,5.0,40.0,-10.0,112.0,156.0,-54.0,26.0,50.0,52.0,23.0,-25.0,-159.0,137.0,43.0,-19.0,-4.0,-286.0,-97.0,-30.0,32.0,68.0,24.0
4,2014-45,1636,152.0,91.0,-68.0,32.0,-150.0,27.0,23.0,-67.0,8.0,-76.0,20.0,-70.0,3.0,-25.0,-141.0,-105.0,112.0,-46.0,132.0,-49.0,82.0,-46.0,117.0,59.0,-69.0,52.0,-4.0,140.0,-112.0,47.0,30.0,181.0,5.0,40.0,-10.0,112.0,156.0,-54.0,26.0,50.0,52.0,23.0,-25.0,-159.0,137.0,43.0,-19.0,-4.0,-286.0,-97.0,-30.0,32.0,68.0
4,2014-46,1589,-47.0,152.0,91.0,-68.0,32.0,-150.0,27.0,23.0,-67.0,8.0,-76.0,20.0,-70.0,3.0,-25.0,-141.0,-105.0,112.0,-46.0,132.0,-49.0,82.0,-46.0,117.0,59.0,-69.0,52.0,-4.0,140.0,-112.0,47.0,30.0,181.0,5.0,40.0,-10.0,112.0,156.0,-54.0,26.0,50.0,52.0,23.0,-25.0,-159.0,137.0,43.0,-19.0,-4.0,-286.0,-97.0,-30.0,32.0
4,2014-47,1593,4.0,-47.0,152.0,91.0,-68.0,32.0,-150.0,27.0,23.0,-67.0,8.0,-76.0,20.0,-70.0,3.0,-25.0,-141.0,-105.0,112.0,-46.0,132.0,-49.0,82.0,-46.0,117.0,59.0,-69.0,52.0,-4.0,140.0,-112.0,47.0,30.0,181.0,5.0,40.0,-10.0,112.0,156.0,-54.0,26.0,50.0,52.0,23.0,-25.0,-159.0,137.0,43.0,-19.0,-4.0,-286.0,-97.0,-30.0
4,2014-48,1513,-80.0,4.0,-47.0,152.0,91.0,-68.0,32.0,-150.0,27.0,23.0,-67.0,8.0,-76.0,20.0,-70.0,3.0,-25.0,-141.0,-105.0,112.0,-46.0,132.0,-49.0,82.0,-46.0,117.0,59.0,-69.0,52.0,-4.0,140.0,-112.0,47.0,30.0,181.0,5.0,40.0,-10.0,112.0,156.0,-54.0,26.0,50.0,52.0,23.0,-25.0,-159.0,137.0,43.0,-19.0,-4.0,-286.0,-97.0
4,2014-49,1117,-396.0,-80.0,4.0,-47.0,152.0,91.0,-68.0,32.0,-150.0,27.0,23.0,-67.0,8.0,-76.0,20.0,-70.0,3.0,-25.0,-141.0,-105.0,112.0,-46.0,132.0,-49.0,82.0,-46.0,117.0,59.0,-69.0,52.0,-4.0,140.0,-112.0,47.0,30.0,181.0,5.0,40.0,-10.0,112.0,156.0,-54.0,26.0,50.0,52.0,23.0,-25.0,-159.0,137.0,43.0,-19.0,-4.0,-286.0
4,2014-50,1117,0.0,-396.0,-80.0,4.0,-47.0,152.0,91.0,-68.0,32.0,-150.0,27.0,23.0,-67.0,8.0,-76.0,20.0,-70.0,3.0,-25.0,-141.0,-105.0,112.0,-46.0,132.0,-49.0,82.0,-46.0,117.0,59.0,-69.0,52.0,-4.0,140.0,-112.0,47.0,30.0,181.0,5.0,40.0,-10.0,112.0,156.0,-54.0,26.0,50.0,52.0,23.0,-25.0,-159.0,137.0,43.0,-19.0,-4.0
4,2014-51,1151,34.0,0.0,-396.0,-80.0,4.0,-47.0,152.0,91.0,-68.0,32.0,-150.0,27.0,23.0,-67.0,8.0,-76.0,20.0,-70.0,3.0,-25.0,-141.0,-105.0,112.0,-46.0,132.0,-49.0,82.0,-46.0,117.0,59.0,-69.0,52.0,-4.0,140.0,-112.0,47.0,30.0,181.0,5.0,40.0,-10.0,112.0,156.0,-54.0,26.0,50.0,52.0,23.0,-25.0,-159.0,137.0,43.0,-19.0
4,2014-52,1057,-94.0,34.0,0.0,-396.0,-80.0,4.0,-47.0,152.0,91.0,-68.0,32.0,-150.0,27.0,23.0,-67.0,8.0,-76.0,20.0,-70.0,3.0,-25.0,-141.0,-105.0,112.0,-46.0,132.0,-49.0,82.0,-46.0,117.0,59.0,-69.0,52.0,-4.0,140.0,-112.0,47.0,30.0,181.0,5.0,40.0,-10.0,112.0,156.0,-54.0,26.0,50.0,52.0,23.0,-25.0,-159.0,137.0,43.0
4,2015-01,678,-379.0,-94.0,34.0,0.0,-396.0,-80.0,4.0,-47.0,152.0,91.0,-68.0,32.0,-150.0,27.0,23.0,-67.0,8.0,-76.0,20.0,-70.0,3.0,-25.0,-141.0,-105.0,112.0,-46.0,132.0,-49.0,82.0,-46.0,117.0,59.0,-69.0,52.0,-4.0,140.0,-112.0,47.0,30.0,181.0,5.0,40.0,-10.0,112.0,156.0,-54.0,26.0,50.0,52.0,23.0,-25.0,-159.0,137.0
4,2015-02,1071,393.0,-379.0,-94.0,34.0,0.0,-396.0,-80.0,4.0,-47.0,152.0,91.0,-68.0,32.0,-150.0,27.0,23.0,-67.0,8.0,-76.0,20.0,-70.0,3.0,-25.0,-141.0,-105.0,112.0,-46.0,132.0,-49.0,82.0,-46.0,117.0,59.0,-69.0,52.0,-4.0,140.0,-112.0,47.0,30.0,181.0,5.0,40.0,-10.0,112.0,156.0,-54.0,26.0,50.0,52.0,23.0,-25.0,-159.0
4,2015-03,1030,-41.0,393.0,-379.0,-94.0,34.0,0.0,-396.0,-80.0,4.0,-47.0,152.0,91.0,-68.0,32.0,-150.0,27.0,23.0,-67.0,8.0,-76.0,20.0,-70.0,3.0,-25.0,-141.0,-105.0,112.0,-46.0,132.0,-49.0,82.0,-46.0,117.0,59.0,-69.0,52.0,-4.0,140.0,-112.0,47.0,30.0,181.0,5.0,40.0,-10.0,112.0,156.0,-54.0,26.0,50.0,52.0,23.0,-25.0
4,2015-04,1029,-1.0,-41.0,393.0,-379.0,-94.0,34.0,0.0,-396.0,-80.0,4.0,-47.0,152.0,91.0,-68.0,32.0,-150.0,27.0,23.0,-67.0,8.0,-76.0,20.0,-70.0,3.0,-25.0,-141.0,-105.0,112.0,-46.0,132.0,-49.0,82.0,-46.0,117.0,59.0,-69.0,52.0,-4.0,140.0,-112.0,47.0,30.0,181.0,5.0,40.0,-10.0,112.0,156.0,-54.0,26.0,50.0,52.0,23.0
4,2015-05,1059,30.0,-1.0,-41.0,393.0,-379.0,-94.0,34.0,0.0,-396.0,-80.0,4.0,-47.0,152.0,91.0,-68.0,32.0,-150.0,27.0,23.0,-67.0,8.0,-76.0,20.0,-70.0,3.0,-25.0,-141.0,-105.0,112.0,-46.0,132.0,-49.0,82.0,-46.0,117.0,59.0,-69.0,52.0,-4.0,140.0,-112.0,47.0,30.0,181.0,5.0,40.0,-10.0,112.0,156.0,-54.0,26.0,50.0,52.0
4,2015-06,1169,110.0,30.0,-1.0,-41.0,393.0,-379.0,-94.0,34.0,0.0,-396.0,-80.0,4.0,-47.0,152.0,91.0,-68.0,32.0,-150.0,27.0,23.0,-67.0,8.0,-76.0,20.0,-70.0,3.0,-25.0,-141.0,-105.0,112.0,-46.0,132.0,-49.0,82.0,-46.0,117.0,59.0,-69.0,52.0,-4.0,140.0,-112.0,47.0,30.0,181.0,5.0,40.0,-10.0,112.0,156.0,-54.0,26.0,50.0
4,2015-07,1172,3.0,110.0,30.0,-1.0,-41.0,393.0,-379.0,-94.0,34.0,0.0,-396.0,-80.0,4.0,-47.0,152.0,91.0,-68.0,32.0,-150.0,27.0,23.0,-67.0,8.0,-76.0,20.0,-70.0,3.0,-25.0,-141.0,-105.0,112.0,-46.0,132.0,-49.0,82.0,-46.0,117.0,59.0,-69.0,52.0,-4.0,140.0,-112.0,47.0,30.0,181.0,5.0,40.0,-10.0,112.0,156.0,-54.0,26.0
4,2015-08,1108,-64.0,3.0,110.0,30.0,-1.0,-41.0,393.0,-379.0,-94.0,34.0,0.0,-396.0,-80.0,4.0,-47.0,152.0,91.0,-68.0,32.0,-150.0,27.0,23.0,-67.0,8.0,-76.0,20.0,-70.0,3.0,-25.0,-141.0,-105.0,112.0,-46.0,132.0,-49.0,82.0,-46.0,117.0,59.0,-69.0,52.0,-4.0,140.0,-112.0,47.0,30.0,181.0,5.0,40.0,-10.0,112.0,156.0,-54.0
4,2015-09,1183,75.0,-64.0,3.0,110.0,30.0,-1.0,-41.0,393.0,-379.0,-94.0,34.0,0.0,-396.0,-80.0,4.0,-47.0,152.0,91.0,-68.0,32.0,-150.0,27.0,23.0,-67.0,8.0,-76.0,20.0,-70.0,3.0,-25.0,-141.0,-105.0,112.0,-46.0,132.0,-49.0,82.0,-46.0,117.0,59.0,-69.0,52.0,-4.0,140.0,-112.0,47.0,30.0,181.0,5.0,40.0,-10.0,112.0,156.0
4,2015-10,1435,252.0,75.0,-64.0,3.0,110.0,30.0,-1.0,-41.0,393.0,-379.0,-94.0,34.0,0.0,-396.0,-80.0,4.0,-47.0,152.0,91.0,-68.0,32.0,-150.0,27.0,23.0,-67.0,8.0,-76.0,20.0,-70.0,3.0,-25.0,-141.0,-105.0,112.0,-46.0,132.0,-49.0,82.0,-46.0,117.0,59.0,-69.0,52.0,-4.0,140.0,-112.0,47.0,30.0,181.0,5.0,40.0,-10.0,112.0
4,2015-11,1361,-74.0,252.0,75.0,-64.0,3.0,110.0,30.0,-1.0,-41.0,393.0,-379.0,-94.0,34.0,0.0,-396.0,-80.0,4.0,-47.0,152.0,91.0,-68.0,32.0,-150.0,27.0,23.0,-67.0,8.0,-76.0,20.0,-70.0,3.0,-25.0,-141.0,-105.0,112.0,-46.0,132.0,-49.0,82.0,-46.0,117.0,59.0,-69.0,52.0,-4.0,140.0,-112.0,47.0,30.0,181.0,5.0,40.0,-10.0
4,2015-12,1366,5.0,-74.0,252.0,75.0,-64.0,3.0,110.0,30.0,-1.0,-41.0,393.0,-379.0,-94.0,34.0,0.0,-396.0,-80.0,4.0,-47.0,152.0,91.0,-68.0,32.0,-150.0,27.0,23.0,-67.0,8.0,-76.0,20.0,-70.0,3.0,-25.0,-141.0,-105.0,112.0,-46.0,132.0,-49.0,82.0,-46.0,117.0,59.0,-69.0,52.0,-4.0,140.0,-112.0,47.0,30.0,181.0,5.0,40.0
4,2015-13,1391,25.0,5.0,-74.0,252.0,75.0,-64.0,3.0,110.0,30.0,-1.0,-41.0,393.0,-379.0,-94.0,34.0,0.0,-396.0,-80.0,4.0,-47.0,152.0,91.0,-68.0,32.0,-150.0,27.0,23.0,-67.0,8.0,-76.0,20.0,-70.0,3.0,-25.0,-141.0,-105.0,112.0,-46.0,132.0,-49.0,82.0,-46.0,117.0,59.0,-69.0,52.0,-4.0,140.0,-112.0,47.0,30.0,181.0,5.0
4,2015-14,1619,228.0,25.0,5.0,-74.0,252.0,75.0,-64.0,3.0,110.0,30.0,-1.0,-41.0,393.0,-379.0,-94.0,34.0,0.0,-396.0,-80.0,4.0,-47.0,152.0,91.0,-68.0,32.0,-150.0,27.0,23.0,-67.0,8.0,-76.0,20.0,-70.0,3.0,-25.0,-141.0,-105.0,112.0,-46.0,132.0,-49.0,82.0,-46.0,117.0,59.0,-69.0,52.0,-4.0,140.0,-112.0,47.0,30.0,181.0
4,2015-15,1672,53.0,228.0,25.0,5.0,-74.0,252.0,75.0,-64.0,3.0,110.0,30.0,-1.0,-41.0,393.0,-379.0,-94.0,34.0,0.0,-396.0,-80.0,4.0,-47.0,152.0,91.0,-68.0,32.0,-150.0,27.0,23.0,-67.0,8.0,-76.0,20.0,-70.0,3.0,-25.0,-141.0,-105.0,112.0,-46.0,132.0,-49.0,82.0,-46.0,117.0,59.0,-69.0,52.0,-4.0,140.0,-112.0,47.0,30.0
4,2015-16,1634,-38.0,53.0,228.0,25.0,5.0,-74.0,252.0,75.0,-64.0,3.0,110.0,30.0,-1.0,-41.0,393.0,-379.0,-94.0,34.0,0.0,-396.0,-80.0,4.0,-47.0,152.0,91.0,-68.0,32.0,-150.0,27.0,23.0,-67.0,8.0,-76.0,20.0,-70.0,3.0,-25.0,-141.0,-105.0,112.0,-46.0,132.0,-49.0,82.0,-46.0,117.0,59.0,-69.0,52.0,-4.0,140.0,-112.0,47.0
4,2015-17,1656,22.0,-38.0,53.0,228.0,25.0,5.0,-74.0,252.0,75.0,-64.0,3.0,110.0,30.0,-1.0,-41.0,393.0,-379.0,-94.0,34.0,0.0,-396.0,-80.0,4.0,-47.0,152.0,91.0,-68.0,32.0,-150.0,27.0,23.0,-67.0,8.0,-76.0,20.0,-70.0,3.0,-25.0,-141.0,-105.0,112.0,-46.0,132.0,-49.0,82.0,-46.0,117.0,59.0,-69.0,52.0,-4.0,140.0,-112.0
4,2015-18,1698,42.0,22.0,-38.0,53.0,228.0,25.0,5.0,-74.0,252.0,75.0,-64.0,3.0,110.0,30.0,-1.0,-41.0,393.0,-379.0,-94.0,34.0,0.0,-396.0,-80.0,4.0,-47.0,152.0,91.0,-68.0,32.0,-150.0,27.0,23.0,-67.0,8.0,-76.0,20.0,-70.0,3.0,-25.0,-141.0,-105.0,112.0,-46.0,132.0,-49.0,82.0,-46.0,117.0,59.0,-69.0,52.0,-4.0,140.0
4,2015-19,1762,64.0,42.0,22.0,-38.0,53.0,228.0,25.0,5.0,-74.0,252.0,75.0,-64.0,3.0,110.0,30.0,-1.0,-41.0,393.0,-379.0,-94.0,34.0,0.0,-396.0,-80.0,4.0,-47.0,152.0,91.0,-68.0,32.0,-150.0,27.0,23.0,-67.0,8.0,-76.0,20.0,-70.0,3.0,-25.0,-141.0,-105.0,112.0,-46.0,132.0,-49.0,82.0,-46.0,117.0,59.0,-69.0,52.0,-4.0
4,2015-20,1879,117.0,64.0,42.0,22.0,-38.0,53.0,228.0,25.0,5.0,-74.0,252.0,75.0,-64.0,3.0,110.0,30.0,-1.0,-41.0,393.0,-379.0,-94.0,34.0,0.0,-396.0,-80.0,4.0,-47.0,152.0,91.0,-68.0,32.0,-150.0,27.0,23.0,-67.0,8.0,-76.0,20.0,-70.0,3.0,-25.0,-141.0,-105.0,112.0,-46.0,132.0,-49.0,82.0,-46.0,117.0,59.0,-69.0,52.0
4,2015-21,1686,-193.0,117.0,64.0,42.0,22.0,-38.0,53.0,228.0,25.0,5.0,-74.0,252.0,75.0,-64.0,3.0,110.0,30.0,-1.0,-41.0,393.0,-379.0,-94.0,34.0,0.0,-396.0,-80.0,4.0,-47.0,152.0,91.0,-68.0,32.0,-150.0,27.0,23.0,-67.0,8.0,-76.0,20.0,-70.0,3.0,-25.0,-141.0,-105.0,112.0,-46.0,132.0,-49.0,82.0,-46.0,117.0,59.0,-69.0
4,2015-22,1799,113.0,-193.0,117.0,64.0,42.0,22.0,-38.0,53.0,228.0,25.0,5.0,-74.0,252.0,75.0,-64.0,3.0,110.0,30.0,-1.0,-41.0,393.0,-379.0,-94.0,34.0,0.0,-396.0,-80.0,4.0,-47.0,152.0,91.0,-68.0,32.0,-150.0,27.0,23.0,-67.0,8.0,-76.0,20.0,-70.0,3.0,-25.0,-141.0,-105.0,112.0,-46.0,132.0,-49.0,82.0,-46.0,117.0,59.0
4,2015-23,1944,145.0,113.0,-193.0,117.0,64.0,42.0,22.0,-38.0,53.0,228.0,25.0,5.0,-74.0,252.0,75.0,-64.0,3.0,110.0,30.0,-1.0,-41.0,393.0,-379.0,-94.0,34.0,0.0,-396.0,-80.0,4.0,-47.0,152.0,91.0,-68.0,32.0,-150.0,27.0,23.0,-67.0,8.0,-76.0,20.0,-70.0,3.0,-25.0,-141.0,-105.0,112.0,-46.0,132.0,-49.0,82.0,-46.0,117.0
4,2015-24,1857,-87.0,145.0,113.0,-193.0,117.0,64.0,42.0,22.0,-38.0,53.0,228.0,25.0,5.0,-74.0,252.0,75.0,-64.0,3.0,110.0,30.0,-1.0,-41.0,393.0,-379.0,-94.0,34.0,0.0,-396.0,-80.0,4.0,-47.0,152.0,91.0,-68.0,32.0,-150.0,27.0,23.0,-67.0,8.0,-76.0,20.0,-70.0,3.0,-25.0,-141.0,-105.0,112.0,-46.0,132.0,-49.0,82.0,-46.0
4,2015-25,1859,2.0,-87.0,145.0,113.0,-193.0,117.0,64.0,42.0,22.0,-38.0,53.0,228.0,25.0,5.0,-74.0,252.0,75.0,-64.0,3.0,110.0,30.0,-1.0,-41.0,393.0,-379.0,-94.0,34.0,0.0,-396.0,-80.0,4.0,-47.0,152.0,91.0,-68.0,32.0,-150.0,27.0,23.0,-67.0,8.0,-76.0,20.0,-70.0,3.0,-25.0,-141.0,-105.0,112.0,-46.0,132.0,-49.0,82.0
4,2015-26,1937,78.0,2.0,-87.0,145.0,113.0,-193.0,117.0,64.0,42.0,22.0,-38.0,53.0,228.0,25.0,5.0,-74.0,252.0,75.0,-64.0,3.0,110.0,30.0,-1.0,-41.0,393.0,-379.0,-94.0,34.0,0.0,-396.0,-80.0,4.0,-47.0,152.0,91.0,-68.0,32.0,-150.0,27.0,23.0,-67.0,8.0,-76.0,20.0,-70.0,3.0,-25.0,-141.0,-105.0,112.0,-46.0,132.0,-49.0
4,2015-27,1957,20.0,78.0,2.0,-87.0,145.0,113.0,-193.0,117.0,64.0,42.0,22.0,-38.0,53.0,228.0,25.0,5.0,-74.0,252.0,75.0,-64.0,3.0,110.0,30.0,-1.0,-41.0,393.0,-379.0,-94.0,34.0,0.0,-396.0,-80.0,4.0,-47.0,152.0,91.0,-68.0,32.0,-150.0,27.0,23.0,-67.0,8.0,-76.0,20.0,-70.0,3.0,-25.0,-141.0,-105.0,112.0,-46.0,132.0
4,2015-28,1937,-20.0,20.0,78.0,2.0,-87.0,145.0,113.0,-193.0,117.0,64.0,42.0,22.0,-38.0,53.0,228.0,25.0,5.0,-74.0,252.0,75.0,-64.0,3.0,110.0,30.0,-1.0,-41.0,393.0,-379.0,-94.0,34.0,0.0,-396.0,-80.0,4.0,-47.0,152.0,91.0,-68.0,32.0,-150.0,27.0,23.0,-67.0,8.0,-76.0,20.0,-70.0,3.0,-25.0,-141.0,-105.0,112.0,-46.0
4,2015-29,1972,35.0,-20.0,20.0,78.0,2.0,-87.0,145.0,113.0,-193.0,117.0,64.0,42.0,22.0,-38.0,53.0,228.0,25.0,5.0,-74.0,252.0,75.0,-64.0,3.0,110.0,30.0,-1.0,-41.0,393.0,-379.0,-94.0,34.0,0.0,-396.0,-80.0,4.0,-47.0,152.0,91.0,-68.0,32.0,-150.0,27.0,23.0,-67.0,8.0,-76.0,20.0,-70.0,3.0,-25.0,-141.0,-105.0,112.0
4,2015-30,1950,-22.0,35.0,-20.0,20.0,78.0,2.0,-87.0,145.0,113.0,-193.0,117.0,64.0,42.0,22.0,-38.0,53.0,228.0,25.0,5.0,-74.0,252.0,75.0,-64.0,3.0,110.0,30.0,-1.0,-41.0,393.0,-379.0,-94.0,34.0,0.0,-396.0,-80.0,4.0,-47.0,152.0,91.0,-68.0,32.0,-150.0,27.0,23.0,-67.0,8.0,-76.0,20.0,-70.0,3.0,-25.0,-141.0,-105.0
4,2015-31,1925,-25.0,-22.0,35.0,-20.0,20.0,78.0,2.0,-87.0,145.0,113.0,-193.0,117.0,64.0,42.0,22.0,-38.0,53.0,228.0,25.0,5.0,-74.0,252.0,75.0,-64.0,3.0,110.0,30.0,-1.0,-41.0,393.0,-379.0,-94.0,34.0,0.0,-396.0,-80.0,4.0,-47.0,152.0,91.0,-68.0,32.0,-150.0,27.0,23.0,-67.0,8.0,-76.0,20.0,-70.0,3.0,-25.0,-141.0
4,2015-32,1691,-234.0,-25.0,-22.0,35.0,-20.0,20.0,78.0,2.0,-87.0,145.0,113.0,-193.0,117.0,64.0,42.0,22.0,-38.0,53.0,228.0,25.0,5.0,-74.0,252.0,75.0,-64.0,3.0,110.0,30.0,-1.0,-41.0,393.0,-379.0,-94.0,34.0,0.0,-396.0,-80.0,4.0,-47.0,152.0,91.0,-68.0,32.0,-150.0,27.0,23.0,-67.0,8.0,-76.0,20.0,-70.0,3.0,-25.0
4,2015-33,1708,17.0,-234.0,-25.0,-22.0,35.0,-20.0,20.0,78.0,2.0,-87.0,145.0,113.0,-193.0,117.0,64.0,42.0,22.0,-38.0,53.0,228.0,25.0,5.0,-74.0,252.0,75.0,-64.0,3.0,110.0,30.0,-1.0,-41.0,393.0,-379.0,-94.0,34.0,0.0,-396.0,-80.0,4.0,-47.0,152.0,91.0,-68.0,32.0,-150.0,27.0,23.0,-67.0,8.0,-76.0,20.0,-70.0,3.0
4,2015-34,1754,46.0,17.0,-234.0,-25.0,-22.0,35.0,-20.0,20.0,78.0,2.0,-87.0,145.0,113.0,-193.0,117.0,64.0,42.0,22.0,-38.0,53.0,228.0,25.0,5.0,-74.0,252.0,75.0,-64.0,3.0,110.0,30.0,-1.0,-41.0,393.0,-379.0,-94.0,34.0,0.0,-396.0,-80.0,4.0,-47.0,152.0,91.0,-68.0,32.0,-150.0,27.0,23.0,-67.0,8.0,-76.0,20.0,-70.0
4,2015-35,1728,-26.0,46.0,17.0,-234.0,-25.0,-22.0,35.0,-20.0,20.0,78.0,2.0,-87.0,145.0,113.0,-193.0,117.0,64.0,42.0,22.0,-38.0,53.0,228.0,25.0,5.0,-74.0,252.0,75.0,-64.0,3.0,110.0,30.0,-1.0,-41.0,393.0,-379.0,-94.0,34.0,0.0,-396.0,-80.0,4.0,-47.0,152.0,91.0,-68.0,32.0,-150.0,27.0,23.0,-67.0,8.0,-76.0,20.0
4,2015-36,1694,-34.0,-26.0,46.0,17.0,-234.0,-25.0,-22.0,35.0,-20.0,20.0,78.0,2.0,-87.0,145.0,113.0,-193.0,117.0,64.0,42.0,22.0,-38.0,53.0,228.0,25.0,5.0,-74.0,252.0,75.0,-64.0,3.0,110.0,30.0,-1.0,-41.0,393.0,-379.0,-94.0,34.0,0.0,-396.0,-80.0,4.0,-47.0,152.0,91.0,-68.0,32.0,-150.0,27.0,23.0,-67.0,8.0,-76.0
4,2015-37,1652,-42.0,-34.0,-26.0,46.0,17.0,-234.0,-25.0,-22.0,35.0,-20.0,20.0,78.0,2.0,-87.0,145.0,113.0,-193.0,117.0,64.0,42.0,22.0,-38.0,53.0,228.0,25.0,5.0,-74.0,252.0,75.0,-64.0,3.0,110.0,30.0,-1.0,-41.0,393.0,-379.0,-94.0,34.0,0.0,-396.0,-80.0,4.0,-47.0,152.0,91.0,-68.0,32.0,-150.0,27.0,23.0,-67.0,8.0
4,2015-38,1652,0.0,-42.0,-34.0,-26.0,46.0,17.0,-234.0,-25.0,-22.0,35.0,-20.0,20.0,78.0,2.0,-87.0,145.0,113.0,-193.0,117.0,64.0,42.0,22.0,-38.0,53.0,228.0,25.0,5.0,-74.0,252.0,75.0,-64.0,3.0,110.0,30.0,-1.0,-41.0,393.0,-379.0,-94.0,34.0,0.0,-396.0,-80.0,4.0,-47.0,152.0,91.0,-68.0,32.0,-150.0,27.0,23.0,-67.0
4,2015-39,1580,-72.0,0.0,-42.0,-34.0,-26.0,46.0,17.0,-234.0,-25.0,-22.0,35.0,-20.0,20.0,78.0,2.0,-87.0,145.0,113.0,-193.0,117.0,64.0,42.0,22.0,-38.0,53.0,228.0,25.0,5.0,-74.0,252.0,75.0,-64.0,3.0,110.0,30.0,-1.0,-41.0,393.0,-379.0,-94.0,34.0,0.0,-396.0,-80.0,4.0,-47.0,152.0,91.0,-68.0,32.0,-150.0,27.0,23.0
4,2015-40,1578,-2.0,-72.0,0.0,-42.0,-34.0,-26.0,46.0,17.0,-234.0,-25.0,-22.0,35.0,-20.0,20.0,78.0,2.0,-87.0,145.0,113.0,-193.0,117.0,64.0,42.0,22.0,-38.0,53.0,228.0,25.0,5.0,-74.0,252.0,75.0,-64.0,3.0,110.0,30.0,-1.0,-41.0,393.0,-379.0,-94.0,34.0,0.0,-396.0,-80.0,4.0,-47.0,152.0,91.0,-68.0,32.0,-150.0,27.0
4,2015-41,1563,-15.0,-2.0,-72.0,0.0,-42.0,-34.0,-26.0,46.0,17.0,-234.0,-25.0,-22.0,35.0,-20.0,20.0,78.0,2.0,-87.0,145.0,113.0,-193.0,117.0,64.0,42.0,22.0,-38.0,53.0,228.0,25.0,5.0,-74.0,252.0,75.0,-64.0,3.0,110.0,30.0,-1.0,-41.0,393.0,-379.0,-94.0,34.0,0.0,-396.0,-80.0,4.0,-47.0,152.0,91.0,-68.0,32.0,-150.0
4,2015-42,1463,-100.0,-15.0,-2.0,-72.0,0.0,-42.0,-34.0,-26.0,46.0,17.0,-234.0,-25.0,-22.0,35.0,-20.0,20.0,78.0,2.0,-87.0,145.0,113.0,-193.0,117.0,64.0,42.0,22.0,-38.0,53.0,228.0,25.0,5.0,-74.0,252.0,75.0,-64.0,3.0,110.0,30.0,-1.0,-41.0,393.0,-379.0,-94.0,34.0,0.0,-396.0,-80.0,4.0,-47.0,152.0,91.0,-68.0,32.0
4,2015-43,1498,35.0,-100.0,-15.0,-2.0,-72.0,0.0,-42.0,-34.0,-26.0,46.0,17.0,-234.0,-25.0,-22.0,35.0,-20.0,20.0,78.0,2.0,-87.0,145.0,113.0,-193.0,117.0,64.0,42.0,22.0,-38.0,53.0,228.0,25.0,5.0,-74.0,252.0,75.0,-64.0,3.0,110.0,30.0,-1.0,-41.0,393.0,-379.0,-94.0,34.0,0.0,-396.0,-80.0,4.0,-47.0,152.0,91.0,-68.0
4,2015-44,1464,-34.0,35.0,-100.0,-15.0,-2.0,-72.0,0.0,-42.0,-34.0,-26.0,46.0,17.0,-234.0,-25.0,-22.0,35.0,-20.0,20.0,78.0,2.0,-87.0,145.0,113.0,-193.0,117.0,64.0,42.0,22.0,-38.0,53.0,228.0,25.0,5.0,-74.0,252.0,75.0,-64.0,3.0,110.0,30.0,-1.0,-41.0,393.0,-379.0,-94.0,34.0,0.0,-396.0,-80.0,4.0,-47.0,152.0,91.0
4,2015-45,1618,154.0,-34.0,35.0,-100.0,-15.0,-2.0,-72.0,0.0,-42.0,-34.0,-26.0,46.0,17.0,-234.0,-25.0,-22.0,35.0,-20.0,20.0,78.0,2.0,-87.0,145.0,113.0,-193.0,117.0,64.0,42.0,22.0,-38.0,53.0,228.0,25.0,5.0,-74.0,252.0,75.0,-64.0,3.0,110.0,30.0,-1.0,-41.0,393.0,-379.0,-94.0,34.0,0.0,-396.0,-80.0,4.0,-47.0,152.0
4,2015-46,1587,-31.0,154.0,-34.0,35.0,-100.0,-15.0,-2.0,-72.0,0.0,-42.0,-34.0,-26.0,46.0,17.0,-234.0,-25.0,-22.0,35.0,-20.0,20.0,78.0,2.0,-87.0,145.0,113.0,-193.0,117.0,64.0,42.0,22.0,-38.0,53.0,228.0,25.0,5.0,-74.0,252.0,75.0,-64.0,3.0,110.0,30.0,-1.0,-41.0,393.0,-379.0,-94.0,34.0,0.0,-396.0,-80.0,4.0,-47.0
4,2015-47,1595,8.0,-31.0,154.0,-34.0,35.0,-100.0,-15.0,-2.0,-72.0,0.0,-42.0,-34.0,-26.0,46.0,17.0,-234.0,-25.0,-22.0,35.0,-20.0,20.0,78.0,2.0,-87.0,145.0,113.0,-193.0,117.0,64.0,42.0,22.0,-38.0,53.0,228.0,25.0,5.0,-74.0,252.0,75.0,-64.0,3.0,110.0,30.0,-1.0,-41.0,393.0,-379.0,-94.0,34.0,0.0,-396.0,-80.0,4.0
4,2015-48,1689,94.0,8.0,-31.0,154.0,-34.0,35.0,-100.0,-15.0,-2.0,-72.0,0.0,-42.0,-34.0,-26.0,46.0,17.0,-234.0,-25.0,-22.0,35.0,-20.0,20.0,78.0,2.0,-87.0,145.0,113.0,-193.0,117.0,64.0,42.0,22.0,-38.0,53.0,228.0,25.0,5.0,-74.0,252.0,75.0,-64.0,3.0,110.0,30.0,-1.0,-41.0,393.0,-379.0,-94.0,34.0,0.0,-396.0,-80.0
4,2015-49,1256,-433.0,94.0,8.0,-31.0,154.0,-34.0,35.0,-100.0,-15.0,-2.0,-72.0,0.0,-42.0,-34.0,-26.0,46.0,17.0,-234.0,-25.0,-22.0,35.0,-20.0,20.0,78.0,2.0,-87.0,145.0,113.0,-193.0,117.0,64.0,42.0,22.0,-38.0,53.0,228.0,25.0,5.0,-74.0,252.0,75.0,-64.0,3.0,110.0,30.0,-1.0,-41.0,393.0,-379.0,-94.0,34.0,0.0,-396.0
4,2015-50,1148,-108.0,-433.0,94.0,8.0,-31.0,154.0,-34.0,35.0,-100.0,-15.0,-2.0,-72.0,0.0,-42.0,-34.0,-26.0,46.0,17.0,-234.0,-25.0,-22.0,35.0,-20.0,20.0,78.0,2.0,-87.0,145.0,113.0,-193.0,117.0,64.0,42.0,22.0,-38.0,53.0,228.0,25.0,5.0,-74.0,252.0,75.0,-64.0,3.0,110.0,30.0,-1.0,-41.0,393.0,-379.0,-94.0,34.0,0.0
4,2015-51,1142,-6.0,-108.0,-433.0,94.0,8.0,-31.0,154.0,-34.0,35.0,-100.0,-15.0,-2.0,-72.0,0.0,-42.0,-34.0,-26.0,46.0,17.0,-234.0,-25.0,-22.0,35.0,-20.0,20.0,78.0,2.0,-87.0,145.0,113.0,-193.0,117.0,64.0,42.0,22.0,-38.0,53.0,228.0,25.0,5.0,-74.0,252.0,75.0,-64.0,3.0,110.0,30.0,-1.0,-41.0,393.0,-379.0,-94.0,34.0
4,2015-52,1136,-6.0,-6.0,-108.0,-433.0,94.0,8.0,-31.0,154.0,-34.0,35.0,-100.0,-15.0,-2.0,-72.0,0.0,-42.0,-34.0,-26.0,46.0,17.0,-234.0,-25.0,-22.0,35.0,-20.0,20.0,78.0,2.0,-87.0,145.0,113.0,-193.0,117.0,64.0,42.0,22.0,-38.0,53.0,228.0,25.0,5.0,-74.0,252.0,75.0,-64.0,3.0,110.0,30.0,-1.0,-41.0,393.0,-379.0,-94.0
4,2015-53,569,-567.0,-6.0,-6.0,-108.0,-433.0,94.0,8.0,-31.0,154.0,-34.0,35.0,-100.0,-15.0,-2.0,-72.0,0.0,-42.0,-34.0,-26.0,46.0,17.0,-234.0,-25.0,-22.0,35.0,-20.0,20.0,78.0,2.0,-87.0,145.0,113.0,-193.0,117.0,64.0,42.0,22.0,-38.0,53.0,228.0,25.0,5.0,-74.0,252.0,75.0,-64.0,3.0,110.0,30.0,-1.0,-41.0,393.0,-379.0
4,2016-01,1126,557.0,-567.0,-6.0,-6.0,-108.0,-433.0,94.0,8.0,-31.0,154.0,-34.0,35.0,-100.0,-15.0,-2.0,-72.0,0.0,-42.0,-34.0,-26.0,46.0,17.0,-234.0,-25.0,-22.0,35.0,-20.0,20.0,78.0,2.0,-87.0,145.0,113.0,-193.0,117.0,64.0,42.0,22.0,-38.0,53.0,228.0,25.0,5.0,-74.0,252.0,75.0,-64.0,3.0,110.0,30.0,-1.0,-41.0,393.0
4,2016-02,1133,7.0,557.0,-567.0,-6.0,-6.0,-108.0,-433.0,94.0,8.0,-31.0,154.0,-34.0,35.0,-100.0,-15.0,-2.0,-72.0,0.0,-42.0,-34.0,-26.0,46.0,17.0,-234.0,-25.0,-22.0,35.0,-20.0,20.0,78.0,2.0,-87.0,145.0,113.0,-193.0,117.0,64.0,42.0,22.0,-38.0,53.0,228.0,25.0,5.0,-74.0,252.0,75.0,-64.0,3.0,110.0,30.0,-1.0,-41.0
4,2016-03,1155,22.0,7.0,557.0,-567.0,-6.0,-6.0,-108.0,-433.0,94.0,8.0,-31.0,154.0,-34.0,35.0,-100.0,-15.0,-2.0,-72.0,0.0,-42.0,-34.0,-26.0,46.0,17.0,-234.0,-25.0,-22.0,35.0,-20.0,20.0,78.0,2.0,-87.0,145.0,113.0,-193.0,117.0,64.0,42.0,22.0,-38.0,53.0,228.0,25.0,5.0,-74.0,252.0,75.0,-64.0,3.0,110.0,30.0,-1.0
4,2016-04,1106,-49.0,22.0,7.0,557.0,-567.0,-6.0,-6.0,-108.0,-433.0,94.0,8.0,-31.0,154.0,-34.0,35.0,-100.0,-15.0,-2.0,-72.0,0.0,-42.0,-34.0,-26.0,46.0,17.0,-234.0,-25.0,-22.0,35.0,-20.0,20.0,78.0,2.0,-87.0,145.0,113.0,-193.0,117.0,64.0,42.0,22.0,-38.0,53.0,228.0,25.0,5.0,-74.0,252.0,75.0,-64.0,3.0,110.0,30.0
4,2016-05,1325,219.0,-49.0,22.0,7.0,557.0,-567.0,-6.0,-6.0,-108.0,-433.0,94.0,8.0,-31.0,154.0,-34.0,35.0,-100.0,-15.0,-2.0,-72.0,0.0,-42.0,-34.0,-26.0,46.0,17.0,-234.0,-25.0,-22.0,35.0,-20.0,20.0,78.0,2.0,-87.0,145.0,113.0,-193.0,117.0,64.0,42.0,22.0,-38.0,53.0,228.0,25.0,5.0,-74.0,252.0,75.0,-64.0,3.0,110.0
4,2016-06,1272,-53.0,219.0,-49.0,22.0,7.0,557.0,-567.0,-6.0,-6.0,-108.0,-433.0,94.0,8.0,-31.0,154.0,-34.0,35.0,-100.0,-15.0,-2.0,-72.0,0.0,-42.0,-34.0,-26.0,46.0,17.0,-234.0,-25.0,-22.0,35.0,-20.0,20.0,78.0,2.0,-87.0,145.0,113.0,-193.0,117.0,64.0,42.0,22.0,-38.0,53.0,228.0,25.0,5.0,-74.0,252.0,75.0,-64.0,3.0
4,2016-07,1265,-7.0,-53.0,219.0,-49.0,22.0,7.0,557.0,-567.0,-6.0,-6.0,-108.0,-433.0,94.0,8.0,-31.0,154.0,-34.0,35.0,-100.0,-15.0,-2.0,-72.0,0.0,-42.0,-34.0,-26.0,46.0,17.0,-234.0,-25.0,-22.0,35.0,-20.0,20.0,78.0,2.0,-87.0,145.0,113.0,-193.0,117.0,64.0,42.0,22.0,-38.0,53.0,228.0,25.0,5.0,-74.0,252.0,75.0,-64.0
4,2016-08,1309,44.0,-7.0,-53.0,219.0,-49.0,22.0,7.0,557.0,-567.0,-6.0,-6.0,-108.0,-433.0,94.0,8.0,-31.0,154.0,-34.0,35.0,-100.0,-15.0,-2.0,-72.0,0.0,-42.0,-34.0,-26.0,46.0,17.0,-234.0,-25.0,-22.0,35.0,-20.0,20.0,78.0,2.0,-87.0,145.0,113.0,-193.0,117.0,64.0,42.0,22.0,-38.0,53.0,228.0,25.0,5.0,-74.0,252.0,75.0
4,2016-09,1455,146.0,44.0,-7.0,-53.0,219.0,-49.0,22.0,7.0,557.0,-567.0,-6.0,-6.0,-108.0,-433.0,94.0,8.0,-31.0,154.0,-34.0,35.0,-100.0,-15.0,-2.0,-72.0,0.0,-42.0,-34.0,-26.0,46.0,17.0,-234.0,-25.0,-22.0,35.0,-20.0,20.0,78.0,2.0,-87.0,145.0,113.0,-193.0,117.0,64.0,42.0,22.0,-38.0,53.0,228.0,25.0,5.0,-74.0,252.0
4,2016-10,1505,50.0,146.0,44.0,-7.0,-53.0,219.0,-49.0,22.0,7.0,557.0,-567.0,-6.0,-6.0,-108.0,-433.0,94.0,8.0,-31.0,154.0,-34.0,35.0,-100.0,-15.0,-2.0,-72.0,0.0,-42.0,-34.0,-26.0,46.0,17.0,-234.0,-25.0,-22.0,35.0,-20.0,20.0,78.0,2.0,-87.0,145.0,113.0,-193.0,117.0,64.0,42.0,22.0,-38.0,53.0,228.0,25.0,5.0,-74.0
4,2016-11,1570,65.0,50.0,146.0,44.0,-7.0,-53.0,219.0,-49.0,22.0,7.0,557.0,-567.0,-6.0,-6.0,-108.0,-433.0,94.0,8.0,-31.0,154.0,-34.0,35.0,-100.0,-15.0,-2.0,-72.0,0.0,-42.0,-34.0,-26.0,46.0,17.0,-234.0,-25.0,-22.0,35.0,-20.0,20.0,78.0,2.0,-87.0,145.0,113.0,-193.0,117.0,64.0,42.0,22.0,-38.0,53.0,228.0,25.0,5.0
4,2016-12,1465,-105.0,65.0,50.0,146.0,44.0,-7.0,-53.0,219.0,-49.0,22.0,7.0,557.0,-567.0,-6.0,-6.0,-108.0,-433.0,94.0,8.0,-31.0,154.0,-34.0,35.0,-100.0,-15.0,-2.0,-72.0,0.0,-42.0,-34.0,-26.0,46.0,17.0,-234.0,-25.0,-22.0,35.0,-20.0,20.0,78.0,2.0,-87.0,145.0,113.0,-193.0,117.0,64.0,42.0,22.0,-38.0,53.0,228.0,25.0
4,2016-13,1642,177.0,-105.0,65.0,50.0,146.0,44.0,-7.0,-53.0,219.0,-49.0,22.0,7.0,557.0,-567.0,-6.0,-6.0,-108.0,-433.0,94.0,8.0,-31.0,154.0,-34.0,35.0,-100.0,-15.0,-2.0,-72.0,0.0,-42.0,-34.0,-26.0,46.0,17.0,-234.0,-25.0,-22.0,35.0,-20.0,20.0,78.0,2.0,-87.0,145.0,113.0,-193.0,117.0,64.0,42.0,22.0,-38.0,53.0,228.0
4,2016-14,1733,91.0,177.0,-105.0,65.0,50.0,146.0,44.0,-7.0,-53.0,219.0,-49.0,22.0,7.0,557.0,-567.0,-6.0,-6.0,-108.0,-433.0,94.0,8.0,-31.0,154.0,-34.0,35.0,-100.0,-15.0,-2.0,-72.0,0.0,-42.0,-34.0,-26.0,46.0,17.0,-234.0,-25.0,-22.0,35.0,-20.0,20.0,78.0,2.0,-87.0,145.0,113.0,-193.0,117.0,64.0,42.0,22.0,-38.0,53.0
4,2016-15,1756,23.0,91.0,177.0,-105.0,65.0,50.0,146.0,44.0,-7.0,-53.0,219.0,-49.0,22.0,7.0,557.0,-567.0,-6.0,-6.0,-108.0,-433.0,94.0,8.0,-31.0,154.0,-34.0,35.0,-100.0,-15.0,-2.0,-72.0,0.0,-42.0,-34.0,-26.0,46.0,17.0,-234.0,-25.0,-22.0,35.0,-20.0,20.0,78.0,2.0,-87.0,145.0,113.0,-193.0,117.0,64.0,42.0,22.0,-38.0
4,2016-16,1792,36.0,23.0,91.0,177.0,-105.0,65.0,50.0,146.0,44.0,-7.0,-53.0,219.0,-49.0,22.0,7.0,557.0,-567.0,-6.0,-6.0,-108.0,-433.0,94.0,8.0,-31.0,154.0,-34.0,35.0,-100.0,-15.0,-2.0,-72.0,0.0,-42.0,-34.0,-26.0,46.0,17.0,-234.0,-25.0,-22.0,35.0,-20.0,20.0,78.0,2.0,-87.0,145.0,113.0,-193.0,117.0,64.0,42.0,22.0
4,2016-17,1746,-46.0,36.0,23.0,91.0,177.0,-105.0,65.0,50.0,146.0,44.0,-7.0,-53.0,219.0,-49.0,22.0,7.0,557.0,-567.0,-6.0,-6.0,-108.0,-433.0,94.0,8.0,-31.0,154.0,-34.0,35.0,-100.0,-15.0,-2.0,-72.0,0.0,-42.0,-34.0,-26.0,46.0,17.0,-234.0,-25.0,-22.0,35.0,-20.0,20.0,78.0,2.0,-87.0,145.0,113.0,-193.0,117.0,64.0,42.0
4,2016-18,1872,126.0,-46.0,36.0,23.0,91.0,177.0,-105.0,65.0,50.0,146.0,44.0,-7.0,-53.0,219.0,-49.0,22.0,7.0,557.0,-567.0,-6.0,-6.0,-108.0,-433.0,94.0,8.0,-31.0,154.0,-34.0,35.0,-100.0,-15.0,-2.0,-72.0,0.0,-42.0,-34.0,-26.0,46.0,17.0,-234.0,-25.0,-22.0,35.0,-20.0,20.0,78.0,2.0,-87.0,145.0,113.0,-193.0,117.0,64.0
4,2016-19,1963,91.0,126.0,-46.0,36.0,23.0,91.0,177.0,-105.0,65.0,50.0,146.0,44.0,-7.0,-53.0,219.0,-49.0,22.0,7.0,557.0,-567.0,-6.0,-6.0,-108.0,-433.0,94.0,8.0,-31.0,154.0,-34.0,35.0,-100.0,-15.0,-2.0,-72.0,0.0,-42.0,-34.0,-26.0,46.0,17.0,-234.0,-25.0,-22.0,35.0,-20.0,20.0,78.0,2.0,-87.0,145.0,113.0,-193.0,117.0
4,2016-20,1888,-75.0,91.0,126.0,-46.0,36.0,23.0,91.0,177.0,-105.0,65.0,50.0,146.0,44.0,-7.0,-53.0,219.0,-49.0,22.0,7.0,557.0,-567.0,-6.0,-6.0,-108.0,-433.0,94.0,8.0,-31.0,154.0,-34.0,35.0,-100.0,-15.0,-2.0,-72.0,0.0,-42.0,-34.0,-26.0,46.0,17.0,-234.0,-25.0,-22.0,35.0,-20.0,20.0,78.0,2.0,-87.0,145.0,113.0,-193.0
4,2016-21,1869,-19.0,-75.0,91.0,126.0,-46.0,36.0,23.0,91.0,177.0,-105.0,65.0,50.0,146.0,44.0,-7.0,-53.0,219.0,-49.0,22.0,7.0,557.0,-567.0,-6.0,-6.0,-108.0,-433.0,94.0,8.0,-31.0,154.0,-34.0,35.0,-100.0,-15.0,-2.0,-72.0,0.0,-42.0,-34.0,-26.0,46.0,17.0,-234.0,-25.0,-22.0,35.0,-20.0,20.0,78.0,2.0,-87.0,145.0,113.0
4,2016-22,2025,156.0,-19.0,-75.0,91.0,126.0,-46.0,36.0,23.0,91.0,177.0,-105.0,65.0,50.0,146.0,44.0,-7.0,-53.0,219.0,-49.0,22.0,7.0,557.0,-567.0,-6.0,-6.0,-108.0,-433.0,94.0,8.0,-31.0,154.0,-34.0,35.0,-100.0,-15.0,-2.0,-72.0,0.0,-42.0,-34.0,-26.0,46.0,17.0,-234.0,-25.0,-22.0,35.0,-20.0,20.0,78.0,2.0,-87.0,145.0
4,2016-23,2056,31.0,156.0,-19.0,-75.0,91.0,126.0,-46.0,36.0,23.0,91.0,177.0,-105.0,65.0,50.0,146.0,44.0,-7.0,-53.0,219.0,-49.0,22.0,7.0,557.0,-567.0,-6.0,-6.0,-108.0,-433.0,94.0,8.0,-31.0,154.0,-34.0,35.0,-100.0,-15.0,-2.0,-72.0,0.0,-42.0,-34.0,-26.0,46.0,17.0,-234.0,-25.0,-22.0,35.0,-20.0,20.0,78.0,2.0,-87.0
4,2016-24,1924,-132.0,31.0,156.0,-19.0,-75.0,91.0,126.0,-46.0,36.0,23.0,91.0,177.0,-105.0,65.0,50.0,146.0,44.0,-7.0,-53.0,219.0,-49.0,22.0,7.0,557.0,-567.0,-6.0,-6.0,-108.0,-433.0,94.0,8.0,-31.0,154.0,-34.0,35.0,-100.0,-15.0,-2.0,-72.0,0.0,-42.0,-34.0,-26.0,46.0,17.0,-234.0,-25.0,-22.0,35.0,-20.0,20.0,78.0,2.0
4,2016-25,2088,164.0,-132.0,31.0,156.0,-19.0,-75.0,91.0,126.0,-46.0,36.0,23.0,91.0,177.0,-105.0,65.0,50.0,146.0,44.0,-7.0,-53.0,219.0,-49.0,22.0,7.0,557.0,-567.0,-6.0,-6.0,-108.0,-433.0,94.0,8.0,-31.0,154.0,-34.0,35.0,-100.0,-15.0,-2.0,-72.0,0.0,-42.0,-34.0,-26.0,46.0,17.0,-234.0,-25.0,-22.0,35.0,-20.0,20.0,78.0
4,2016-26,2035,-53.0,164.0,-132.0,31.0,156.0,-19.0,-75.0,91.0,126.0,-46.0,36.0,23.0,91.0,177.0,-105.0,65.0,50.0,146.0,44.0,-7.0,-53.0,219.0,-49.0,22.0,7.0,557.0,-567.0,-6.0,-6.0,-108.0,-433.0,94.0,8.0,-31.0,154.0,-34.0,35.0,-100.0,-15.0,-2.0,-72.0,0.0,-42.0,-34.0,-26.0,46.0,17.0,-234.0,-25.0,-22.0,35.0,-20.0,20.0
4,2016-27,2116,81.0,-53.0,164.0,-132.0,31.0,156.0,-19.0,-75.0,91.0,126.0,-46.0,36.0,23.0,91.0,177.0,-105.0,65.0,50.0,146.0,44.0,-7.0,-53.0,219.0,-49.0,22.0,7.0,557.0,-567.0,-6.0,-6.0,-108.0,-433.0,94.0,8.0,-31.0,154.0,-34.0,35.0,-100.0,-15.0,-2.0,-72.0,0.0,-42.0,-34.0,-26.0,46.0,17.0,-234.0,-25.0,-22.0,35.0,-20.0
4,2016-28,2081,-35.0,81.0,-53.0,164.0,-132.0,31.0,156.0,-19.0,-75.0,91.0,126.0,-46.0,36.0,23.0,91.0,177.0,-105.0,65.0,50.0,146.0,44.0,-7.0,-53.0,219.0,-49.0,22.0,7.0,557.0,-567.0,-6.0,-6.0,-108.0,-433.0,94.0,8.0,-31.0,154.0,-34.0,35.0,-100.0,-15.0,-2.0,-72.0,0.0,-42.0,-34.0,-26.0,46.0,17.0,-234.0,-25.0,-22.0,35.0
4,2016-29,2163,82.0,-35.0,81.0,-53.0,164.0,-132.0,31.0,156.0,-19.0,-75.0,91.0,126.0,-46.0,36.0,23.0,91.0,177.0,-105.0,65.0,50.0,146.0,44.0,-7.0,-53.0,219.0,-49.0,22.0,7.0,557.0,-567.0,-6.0,-6.0,-108.0,-433.0,94.0,8.0,-31.0,154.0,-34.0,35.0,-100.0,-15.0,-2.0,-72.0,0.0,-42.0,-34.0,-26.0,46.0,17.0,-234.0,-25.0,-22.0
4,2016-30,2114,-49.0,82.0,-35.0,81.0,-53.0,164.0,-132.0,31.0,156.0,-19.0,-75.0,91.0,126.0,-46.0,36.0,23.0,91.0,177.0,-105.0,65.0,50.0,146.0,44.0,-7.0,-53.0,219.0,-49.0,22.0,7.0,557.0,-567.0,-6.0,-6.0,-108.0,-433.0,94.0,8.0,-31.0,154.0,-34.0,35.0,-100.0,-15.0,-2.0,-72.0,0.0,-42.0,-34.0,-26.0,46.0,17.0,-234.0,-25.0
4,2016-31,1910,-204.0,-49.0,82.0,-35.0,81.0,-53.0,164.0,-132.0,31.0,156.0,-19.0,-75.0,91.0,126.0,-46.0,36.0,23.0,91.0,177.0,-105.0,65.0,50.0,146.0,44.0,-7.0,-53.0,219.0,-49.0,22.0,7.0,557.0,-567.0,-6.0,-6.0,-108.0,-433.0,94.0,8.0,-31.0,154.0,-34.0,35.0,-100.0,-15.0,-2.0,-72.0,0.0,-42.0,-34.0,-26.0,46.0,17.0,-234.0
4,2016-32,1917,7.0,-204.0,-49.0,82.0,-35.0,81.0,-53.0,164.0,-132.0,31.0,156.0,-19.0,-75.0,91.0,126.0,-46.0,36.0,23.0,91.0,177.0,-105.0,65.0,50.0,146.0,44.0,-7.0,-53.0,219.0,-49.0,22.0,7.0,557.0,-567.0,-6.0,-6.0,-108.0,-433.0,94.0,8.0,-31.0,154.0,-34.0,35.0,-100.0,-15.0,-2.0,-72.0,0.0,-42.0,-34.0,-26.0,46.0,17.0
4,2016-33,1913,-4.0,7.0,-204.0,-49.0,82.0,-35.0,81.0,-53.0,164.0,-132.0,31.0,156.0,-19.0,-75.0,91.0,126.0,-46.0,36.0,23.0,91.0,177.0,-105.0,65.0,50.0,146.0,44.0,-7.0,-53.0,219.0,-49.0,22.0,7.0,557.0,-567.0,-6.0,-6.0,-108.0,-433.0,94.0,8.0,-31.0,154.0,-34.0,35.0,-100.0,-15.0,-2.0,-72.0,0.0,-42.0,-34.0,-26.0,46.0
4,2016-34,1871,-42.0,-4.0,7.0,-204.0,-49.0,82.0,-35.0,81.0,-53.0,164.0,-132.0,31.0,156.0,-19.0,-75.0,91.0,126.0,-46.0,36.0,23.0,91.0,177.0,-105.0,65.0,50.0,146.0,44.0,-7.0,-53.0,219.0,-49.0,22.0,7.0,557.0,-567.0,-6.0,-6.0,-108.0,-433.0,94.0,8.0,-31.0,154.0,-34.0,35.0,-100.0,-15.0,-2.0,-72.0,0.0,-42.0,-34.0,-26.0
4,2016-35,1800,-71.0,-42.0,-4.0,7.0,-204.0,-49.0,82.0,-35.0,81.0,-53.0,164.0,-132.0,31.0,156.0,-19.0,-75.0,91.0,126.0,-46.0,36.0,23.0,91.0,177.0,-105.0,65.0,50.0,146.0,44.0,-7.0,-53.0,219.0,-49.0,22.0,7.0,557.0,-567.0,-6.0,-6.0,-108.0,-433.0,94.0,8.0,-31.0,154.0,-34.0,35.0,-100.0,-15.0,-2.0,-72.0,0.0,-42.0,-34.0
4,2016-36,1762,-38.0,-71.0,-42.0,-4.0,7.0,-204.0,-49.0,82.0,-35.0,81.0,-53.0,164.0,-132.0,31.0,156.0,-19.0,-75.0,91.0,126.0,-46.0,36.0,23.0,91.0,177.0,-105.0,65.0,50.0,146.0,44.0,-7.0,-53.0,219.0,-49.0,22.0,7.0,557.0,-567.0,-6.0,-6.0,-108.0,-433.0,94.0,8.0,-31.0,154.0,-34.0,35.0,-100.0,-15.0,-2.0,-72.0,0.0,-42.0
4,2016-37,1788,26.0,-38.0,-71.0,-42.0,-4.0,7.0,-204.0,-49.0,82.0,-35.0,81.0,-53.0,164.0,-132.0,31.0,156.0,-19.0,-75.0,91.0,126.0,-46.0,36.0,23.0,91.0,177.0,-105.0,65.0,50.0,146.0,44.0,-7.0,-53.0,219.0,-49.0,22.0,7.0,557.0,-567.0,-6.0,-6.0,-108.0,-433.0,94.0,8.0,-31.0,154.0,-34.0,35.0,-100.0,-15.0,-2.0,-72.0,0.0
4,2016-38,1730,-58.0,26.0,-38.0,-71.0,-42.0,-4.0,7.0,-204.0,-49.0,82.0,-35.0,81.0,-53.0,164.0,-132.0,31.0,156.0,-19.0,-75.0,91.0,126.0,-46.0,36.0,23.0,91.0,177.0,-105.0,65.0,50.0,146.0,44.0,-7.0,-53.0,219.0,-49.0,22.0,7.0,557.0,-567.0,-6.0,-6.0,-108.0,-433.0,94.0,8.0,-31.0,154.0,-34.0,35.0,-100.0,-15.0,-2.0,-72.0
4,2016-39,1689,-41.0,-58.0,26.0,-38.0,-71.0,-42.0,-4.0,7.0,-204.0,-49.0,82.0,-35.0,81.0,-53.0,164.0,-132.0,31.0,156.0,-19.0,-75.0,91.0,126.0,-46.0,36.0,23.0,91.0,177.0,-105.0,65.0,50.0,146.0,44.0,-7.0,-53.0,219.0,-49.0,22.0,7.0,557.0,-567.0,-6.0,-6.0,-108.0,-433.0,94.0,8.0,-31.0,154.0,-34.0,35.0,-100.0,-15.0,-2.0
4,2016-40,1627,-62.0,-41.0,-58.0,26.0,-38.0,-71.0,-42.0,-4.0,7.0,-204.0,-49.0,82.0,-35.0,81.0,-53.0,164.0,-132.0,31.0,156.0,-19.0,-75.0,91.0,126.0,-46.0,36.0,23.0,91.0,177.0,-105.0,65.0,50.0,146.0,44.0,-7.0,-53.0,219.0,-49.0,22.0,7.0,557.0,-567.0,-6.0,-6.0,-108.0,-433.0,94.0,8.0,-31.0,154.0,-34.0,35.0,-100.0,-15.0
4,2016-41,1629,2.0,-62.0,-41.0,-58.0,26.0,-38.0,-71.0,-42.0,-4.0,7.0,-204.0,-49.0,82.0,-35.0,81.0,-53.0,164.0,-132.0,31.0,156.0,-19.0,-75.0,91.0,126.0,-46.0,36.0,23.0,91.0,177.0,-105.0,65.0,50.0,146.0,44.0,-7.0,-53.0,219.0,-49.0,22.0,7.0,557.0,-567.0,-6.0,-6.0,-108.0,-433.0,94.0,8.0,-31.0,154.0,-34.0,35.0,-100.0
4,2016-42,1632,3.0,2.0,-62.0,-41.0,-58.0,26.0,-38.0,-71.0,-42.0,-4.0,7.0,-204.0,-49.0,82.0,-35.0,81.0,-53.0,164.0,-132.0,31.0,156.0,-19.0,-75.0,91.0,126.0,-46.0,36.0,23.0,91.0,177.0,-105.0,65.0,50.0,146.0,44.0,-7.0,-53.0,219.0,-49.0,22.0,7.0,557.0,-567.0,-6.0,-6.0,-108.0,-433.0,94.0,8.0,-31.0,154.0,-34.0,35.0
4,2016-43,1543,-89.0,3.0,2.0,-62.0,-41.0,-58.0,26.0,-38.0,-71.0,-42.0,-4.0,7.0,-204.0,-49.0,82.0,-35.0,81.0,-53.0,164.0,-132.0,31.0,156.0,-19.0,-75.0,91.0,126.0,-46.0,36.0,23.0,91.0,177.0,-105.0,65.0,50.0,146.0,44.0,-7.0,-53.0,219.0,-49.0,22.0,7.0,557.0,-567.0,-6.0,-6.0,-108.0,-433.0,94.0,8.0,-31.0,154.0,-34.0
4,2016-44,1717,174.0,-89.0,3.0,2.0,-62.0,-41.0,-58.0,26.0,-38.0,-71.0,-42.0,-4.0,7.0,-204.0,-49.0,82.0,-35.0,81.0,-53.0,164.0,-132.0,31.0,156.0,-19.0,-75.0,91.0,126.0,-46.0,36.0,23.0,91.0,177.0,-105.0,65.0,50.0,146.0,44.0,-7.0,-53.0,219.0,-49.0,22.0,7.0,557.0,-567.0,-6.0,-6.0,-108.0,-433.0,94.0,8.0,-31.0,154.0
4,2016-45,1865,148.0,174.0,-89.0,3.0,2.0,-62.0,-41.0,-58.0,26.0,-38.0,-71.0,-42.0,-4.0,7.0,-204.0,-49.0,82.0,-35.0,81.0,-53.0,164.0,-132.0,31.0,156.0,-19.0,-75.0,91.0,126.0,-46.0,36.0,23.0,91.0,177.0,-105.0,65.0,50.0,146.0,44.0,-7.0,-53.0,219.0,-49.0,22.0,7.0,557.0,-567.0,-6.0,-6.0,-108.0,-433.0,94.0,8.0,-31.0
4,2016-46,1714,-151.0,148.0,174.0,-89.0,3.0,2.0,-62.0,-41.0,-58.0,26.0,-38.0,-71.0,-42.0,-4.0,7.0,-204.0,-49.0,82.0,-35.0,81.0,-53.0,164.0,-132.0,31.0,156.0,-19.0,-75.0,91.0,126.0,-46.0,36.0,23.0,91.0,177.0,-105.0,65.0,50.0,146.0,44.0,-7.0,-53.0,219.0,-49.0,22.0,7.0,557.0,-567.0,-6.0,-6.0,-108.0,-433.0,94.0,8.0
4,2016-47,1717,3.0,-151.0,148.0,174.0,-89.0,3.0,2.0,-62.0,-41.0,-58.0,26.0,-38.0,-71.0,-42.0,-4.0,7.0,-204.0,-49.0,82.0,-35.0,81.0,-53.0,164.0,-132.0,31.0,156.0,-19.0,-75.0,91.0,126.0,-46.0,36.0,23.0,91.0,177.0,-105.0,65.0,50.0,146.0,44.0,-7.0,-53.0,219.0,-49.0,22.0,7.0,557.0,-567.0,-6.0,-6.0,-108.0,-433.0,94.0
4,2016-48,1457,-260.0,3.0,-151.0,148.0,174.0,-89.0,3.0,2.0,-62.0,-41.0,-58.0,26.0,-38.0,-71.0,-42.0,-4.0,7.0,-204.0,-49.0,82.0,-35.0,81.0,-53.0,164.0,-132.0,31.0,156.0,-19.0,-75.0,91.0,126.0,-46.0,36.0,23.0,91.0,177.0,-105.0,65.0,50.0,146.0,44.0,-7.0,-53.0,219.0,-49.0,22.0,7.0,557.0,-567.0,-6.0,-6.0,-108.0,-433.0
4,2016-49,1302,-155.0,-260.0,3.0,-151.0,148.0,174.0,-89.0,3.0,2.0,-62.0,-41.0,-58.0,26.0,-38.0,-71.0,-42.0,-4.0,7.0,-204.0,-49.0,82.0,-35.0,81.0,-53.0,164.0,-132.0,31.0,156.0,-19.0,-75.0,91.0,126.0,-46.0,36.0,23.0,91.0,177.0,-105.0,65.0,50.0,146.0,44.0,-7.0,-53.0,219.0,-49.0,22.0,7.0,557.0,-567.0,-6.0,-6.0,-108.0
4,2016-50,1245,-57.0,-155.0,-260.0,3.0,-151.0,148.0,174.0,-89.0,3.0,2.0,-62.0,-41.0,-58.0,26.0,-38.0,-71.0,-42.0,-4.0,7.0,-204.0,-49.0,82.0,-35.0,81.0,-53.0,164.0,-132.0,31.0,156.0,-19.0,-75.0,91.0,126.0,-46.0,36.0,23.0,91.0,177.0,-105.0,65.0,50.0,146.0,44.0,-7.0,-53.0,219.0,-49.0,22.0,7.0,557.0,-567.0,-6.0,-6.0
4,2016-51,1299,54.0,-57.0,-155.0,-260.0,3.0,-151.0,148.0,174.0,-89.0,3.0,2.0,-62.0,-41.0,-58.0,26.0,-38.0,-71.0,-42.0,-4.0,7.0,-204.0,-49.0,82.0,-35.0,81.0,-53.0,164.0,-132.0,31.0,156.0,-19.0,-75.0,91.0,126.0,-46.0,36.0,23.0,91.0,177.0,-105.0,65.0,50.0,146.0,44.0,-7.0,-53.0,219.0,-49.0,22.0,7.0,557.0,-567.0,-6.0
4,2016-52,1013,-286.0,54.0,-57.0,-155.0,-260.0,3.0,-151.0,148.0,174.0,-89.0,3.0,2.0,-62.0,-41.0,-58.0,26.0,-38.0,-71.0,-42.0,-4.0,7.0,-204.0,-49.0,82.0,-35.0,81.0,-53.0,164.0,-132.0,31.0,156.0,-19.0,-75.0,91.0,126.0,-46.0,36.0,23.0,91.0,177.0,-105.0,65.0,50.0,146.0,44.0,-7.0,-53.0,219.0,-49.0,22.0,7.0,557.0,-567.0
4,2016-53,536,-477.0,-286.0,54.0,-57.0,-155.0,-260.0,3.0,-151.0,148.0,174.0,-89.0,3.0,2.0,-62.0,-41.0,-58.0,26.0,-38.0,-71.0,-42.0,-4.0,7.0,-204.0,-49.0,82.0,-35.0,81.0,-53.0,164.0,-132.0,31.0,156.0,-19.0,-75.0,91.0,126.0,-46.0,36.0,23.0,91.0,177.0,-105.0,65.0,50.0,146.0,44.0,-7.0,-53.0,219.0,-49.0,22.0,7.0,557.0
4,2017-01,1142,606.0,-477.0,-286.0,54.0,-57.0,-155.0,-260.0,3.0,-151.0,148.0,174.0,-89.0,3.0,2.0,-62.0,-41.0,-58.0,26.0,-38.0,-71.0,-42.0,-4.0,7.0,-204.0,-49.0,82.0,-35.0,81.0,-53.0,164.0,-132.0,31.0,156.0,-19.0,-75.0,91.0,126.0,-46.0,36.0,23.0,91.0,177.0,-105.0,65.0,50.0,146.0,44.0,-7.0,-53.0,219.0,-49.0,22.0,7.0
4,2017-02,1153,11.0,606.0,-477.0,-286.0,54.0,-57.0,-155.0,-260.0,3.0,-151.0,148.0,174.0,-89.0,3.0,2.0,-62.0,-41.0,-58.0,26.0,-38.0,-71.0,-42.0,-4.0,7.0,-204.0,-49.0,82.0,-35.0,81.0,-53.0,164.0,-132.0,31.0,156.0,-19.0,-75.0,91.0,126.0,-46.0,36.0,23.0,91.0,177.0,-105.0,65.0,50.0,146.0,44.0,-7.0,-53.0,219.0,-49.0,22.0
4,2017-03,1197,44.0,11.0,606.0,-477.0,-286.0,54.0,-57.0,-155.0,-260.0,3.0,-151.0,148.0,174.0,-89.0,3.0,2.0,-62.0,-41.0,-58.0,26.0,-38.0,-71.0,-42.0,-4.0,7.0,-204.0,-49.0,82.0,-35.0,81.0,-53.0,164.0,-132.0,31.0,156.0,-19.0,-75.0,91.0,126.0,-46.0,36.0,23.0,91.0,177.0,-105.0,65.0,50.0,146.0,44.0,-7.0,-53.0,219.0,-49.0
4,2017-04,1143,-54.0,44.0,11.0,606.0,-477.0,-286.0,54.0,-57.0,-155.0,-260.0,3.0,-151.0,148.0,174.0,-89.0,3.0,2.0,-62.0,-41.0,-58.0,26.0,-38.0,-71.0,-42.0,-4.0,7.0,-204.0,-49.0,82.0,-35.0,81.0,-53.0,164.0,-132.0,31.0,156.0,-19.0,-75.0,91.0,126.0,-46.0,36.0,23.0,91.0,177.0,-105.0,65.0,50.0,146.0,44.0,-7.0,-53.0,219.0
4,2017-05,1288,145.0,-54.0,44.0,11.0,606.0,-477.0,-286.0,54.0,-57.0,-155.0,-260.0,3.0,-151.0,148.0,174.0,-89.0,3.0,2.0,-62.0,-41.0,-58.0,26.0,-38.0,-71.0,-42.0,-4.0,7.0,-204.0,-49.0,82.0,-35.0,81.0,-53.0,164.0,-132.0,31.0,156.0,-19.0,-75.0,91.0,126.0,-46.0,36.0,23.0,91.0,177.0,-105.0,65.0,50.0,146.0,44.0,-7.0,-53.0
4,2017-06,1234,-54.0,145.0,-54.0,44.0,11.0,606.0,-477.0,-286.0,54.0,-57.0,-155.0,-260.0,3.0,-151.0,148.0,174.0,-89.0,3.0,2.0,-62.0,-41.0,-58.0,26.0,-38.0,-71.0,-42.0,-4.0,7.0,-204.0,-49.0,82.0,-35.0,81.0,-53.0,164.0,-132.0,31.0,156.0,-19.0,-75.0,91.0,126.0,-46.0,36.0,23.0,91.0,177.0,-105.0,65.0,50.0,146.0,44.0,-7.0
4,2017-07,1309,75.0,-54.0,145.0,-54.0,44.0,11.0,606.0,-477.0,-286.0,54.0,-57.0,-155.0,-260.0,3.0,-151.0,148.0,174.0,-89.0,3.0,2.0,-62.0,-41.0,-58.0,26.0,-38.0,-71.0,-42.0,-4.0,7.0,-204.0,-49.0,82.0,-35.0,81.0,-53.0,164.0,-132.0,31.0,156.0,-19.0,-75.0,91.0,126.0,-46.0,36.0,23.0,91.0,177.0,-105.0,65.0,50.0,146.0,44.0
4,2017-08,1231,-78.0,75.0,-54.0,145.0,-54.0,44.0,11.0,606.0,-477.0,-286.0,54.0,-57.0,-155.0,-260.0,3.0,-151.0,148.0,174.0,-89.0,3.0,2.0,-62.0,-41.0,-58.0,26.0,-38.0,-71.0,-42.0,-4.0,7.0,-204.0,-49.0,82.0,-35.0,81.0,-53.0,164.0,-132.0,31.0,156.0,-19.0,-75.0,91.0,126.0,-46.0,36.0,23.0,91.0,177.0,-105.0,65.0,50.0,146.0
4,2017-09,1472,241.0,-78.0,75.0,-54.0,145.0,-54.0,44.0,11.0,606.0,-477.0,-286.0,54.0,-57.0,-155.0,-260.0,3.0,-151.0,148.0,174.0,-89.0,3.0,2.0,-62.0,-41.0,-58.0,26.0,-38.0,-71.0,-42.0,-4.0,7.0,-204.0,-49.0,82.0,-35.0,81.0,-53.0,164.0,-132.0,31.0,156.0,-19.0,-75.0,91.0,126.0,-46.0,36.0,23.0,91.0,177.0,-105.0,65.0,50.0
4,2017-10,1506,34.0,241.0,-78.0,75.0,-54.0,145.0,-54.0,44.0,11.0,606.0,-477.0,-286.0,54.0,-57.0,-155.0,-260.0,3.0,-151.0,148.0,174.0,-89.0,3.0,2.0,-62.0,-41.0,-58.0,26.0,-38.0,-71.0,-42.0,-4.0,7.0,-204.0,-49.0,82.0,-35.0,81.0,-53.0,164.0,-132.0,31.0,156.0,-19.0,-75.0,91.0,126.0,-46.0,36.0,23.0,91.0,177.0,-105.0,65.0
4,2017-11,1539,33.0,34.0,241.0,-78.0,75.0,-54.0,145.0,-54.0,44.0,11.0,606.0,-477.0,-286.0,54.0,-57.0,-155.0,-260.0,3.0,-151.0,148.0,174.0,-89.0,3.0,2.0,-62.0,-41.0,-58.0,26.0,-38.0,-71.0,-42.0,-4.0,7.0,-204.0,-49.0,82.0,-35.0,81.0,-53.0,164.0,-132.0,31.0,156.0,-19.0,-75.0,91.0,126.0,-46.0,36.0,23.0,91.0,177.0,-105.0
4,2017-12,1624,85.0,33.0,34.0,241.0,-78.0,75.0,-54.0,145.0,-54.0,44.0,11.0,606.0,-477.0,-286.0,54.0,-57.0,-155.0,-260.0,3.0,-151.0,148.0,174.0,-89.0,3.0,2.0,-62.0,-41.0,-58.0,26.0,-38.0,-71.0,-42.0,-4.0,7.0,-204.0,-49.0,82.0,-35.0,81.0,-53.0,164.0,-132.0,31.0,156.0,-19.0,-75.0,91.0,126.0,-46.0,36.0,23.0,91.0,177.0
4,2017-13,1602,-22.0,85.0,33.0,34.0,241.0,-78.0,75.0,-54.0,145.0,-54.0,44.0,11.0,606.0,-477.0,-286.0,54.0,-57.0,-155.0,-260.0,3.0,-151.0,148.0,174.0,-89.0,3.0,2.0,-62.0,-41.0,-58.0,26.0,-38.0,-71.0,-42.0,-4.0,7.0,-204.0,-49.0,82.0,-35.0,81.0,-53.0,164.0,-132.0,31.0,156.0,-19.0,-75.0,91.0,126.0,-46.0,36.0,23.0,91.0
4,2017-14,1716,114.0,-22.0,85.0,33.0,34.0,241.0,-78.0,75.0,-54.0,145.0,-54.0,44.0,11.0,606.0,-477.0,-286.0,54.0,-57.0,-155.0,-260.0,3.0,-151.0,148.0,174.0,-89.0,3.0,2.0,-62.0,-41.0,-58.0,26.0,-38.0,-71.0,-42.0,-4.0,7.0,-204.0,-49.0,82.0,-35.0,81.0,-53.0,164.0,-132.0,31.0,156.0,-19.0,-75.0,91.0,126.0,-46.0,36.0,23.0
4,2017-15,1833,117.0,114.0,-22.0,85.0,33.0,34.0,241.0,-78.0,75.0,-54.0,145.0,-54.0,44.0,11.0,606.0,-477.0,-286.0,54.0,-57.0,-155.0,-260.0,3.0,-151.0,148.0,174.0,-89.0,3.0,2.0,-62.0,-41.0,-58.0,26.0,-38.0,-71.0,-42.0,-4.0,7.0,-204.0,-49.0,82.0,-35.0,81.0,-53.0,164.0,-132.0,31.0,156.0,-19.0,-75.0,91.0,126.0,-46.0,36.0
4,2017-16,1892,59.0,117.0,114.0,-22.0,85.0,33.0,34.0,241.0,-78.0,75.0,-54.0,145.0,-54.0,44.0,11.0,606.0,-477.0,-286.0,54.0,-57.0,-155.0,-260.0,3.0,-151.0,148.0,174.0,-89.0,3.0,2.0,-62.0,-41.0,-58.0,26.0,-38.0,-71.0,-42.0,-4.0,7.0,-204.0,-49.0,82.0,-35.0,81.0,-53.0,164.0,-132.0,31.0,156.0,-19.0,-75.0,91.0,126.0,-46.0
4,2017-17,1882,-10.0,59.0,117.0,114.0,-22.0,85.0,33.0,34.0,241.0,-78.0,75.0,-54.0,145.0,-54.0,44.0,11.0,606.0,-477.0,-286.0,54.0,-57.0,-155.0,-260.0,3.0,-151.0,148.0,174.0,-89.0,3.0,2.0,-62.0,-41.0,-58.0,26.0,-38.0,-71.0,-42.0,-4.0,7.0,-204.0,-49.0,82.0,-35.0,81.0,-53.0,164.0,-132.0,31.0,156.0,-19.0,-75.0,91.0,126.0
4,2017-18,1946,64.0,-10.0,59.0,117.0,114.0,-22.0,85.0,33.0,34.0,241.0,-78.0,75.0,-54.0,145.0,-54.0,44.0,11.0,606.0,-477.0,-286.0,54.0,-57.0,-155.0,-260.0,3.0,-151.0,148.0,174.0,-89.0,3.0,2.0,-62.0,-41.0,-58.0,26.0,-38.0,-71.0,-42.0,-4.0,7.0,-204.0,-49.0,82.0,-35.0,81.0,-53.0,164.0,-132.0,31.0,156.0,-19.0,-75.0,91.0
4,2017-19,1953,7.0,64.0,-10.0,59.0,117.0,114.0,-22.0,85.0,33.0,34.0,241.0,-78.0,75.0,-54.0,145.0,-54.0,44.0,11.0,606.0,-477.0,-286.0,54.0,-57.0,-155.0,-260.0,3.0,-151.0,148.0,174.0,-89.0,3.0,2.0,-62.0,-41.0,-58.0,26.0,-38.0,-71.0,-42.0,-4.0,7.0,-204.0,-49.0,82.0,-35.0,81.0,-53.0,164.0,-132.0,31.0,156.0,-19.0,-75.0
4,2017-20,1939,-14.0,7.0,64.0,-10.0,59.0,117.0,114.0,-22.0,85.0,33.0,34.0,241.0,-78.0,75.0,-54.0,145.0,-54.0,44.0,11.0,606.0,-477.0,-286.0,54.0,-57.0,-155.0,-260.0,3.0,-151.0,148.0,174.0,-89.0,3.0,2.0,-62.0,-41.0,-58.0,26.0,-38.0,-71.0,-42.0,-4.0,7.0,-204.0,-49.0,82.0,-35.0,81.0,-53.0,164.0,-132.0,31.0,156.0,-19.0
4,2017-21,1949,10.0,-14.0,7.0,64.0,-10.0,59.0,117.0,114.0,-22.0,85.0,33.0,34.0,241.0,-78.0,75.0,-54.0,145.0,-54.0,44.0,11.0,606.0,-477.0,-286.0,54.0,-57.0,-155.0,-260.0,3.0,-151.0,148.0,174.0,-89.0,3.0,2.0,-62.0,-41.0,-58.0,26.0,-38.0,-71.0,-42.0,-4.0,7.0,-204.0,-49.0,82.0,-35.0,81.0,-53.0,164.0,-132.0,31.0,156.0
4,2017-22,2038,89.0,10.0,-14.0,7.0,64.0,-10.0,59.0,117.0,114.0,-22.0,85.0,33.0,34.0,241.0,-78.0,75.0,-54.0,145.0,-54.0,44.0,11.0,606.0,-477.0,-286.0,54.0,-57.0,-155.0,-260.0,3.0,-151.0,148.0,174.0,-89.0,3.0,2.0,-62.0,-41.0,-58.0,26.0,-38.0,-71.0,-42.0,-4.0,7.0,-204.0,-49.0,82.0,-35.0,81.0,-53.0,164.0,-132.0,31.0
4,2017-23,2108,70.0,89.0,10.0,-14.0,7.0,64.0,-10.0,59.0,117.0,114.0,-22.0,85.0,33.0,34.0,241.0,-78.0,75.0,-54.0,145.0,-54.0,44.0,11.0,606.0,-477.0,-286.0,54.0,-57.0,-155.0,-260.0,3.0,-151.0,148.0,174.0,-89.0,3.0,2.0,-62.0,-41.0,-58.0,26.0,-38.0,-71.0,-42.0,-4.0,7.0,-204.0,-49.0,82.0,-35.0,81.0,-53.0,164.0,-132.0
4,2017-24,2033,-75.0,70.0,89.0,10.0,-14.0,7.0,64.0,-10.0,59.0,117.0,114.0,-22.0,85.0,33.0,34.0,241.0,-78.0,75.0,-54.0,145.0,-54.0,44.0,11.0,606.0,-477.0,-286.0,54.0,-57.0,-155.0,-260.0,3.0,-151.0,148.0,174.0,-89.0,3.0,2.0,-62.0,-41.0,-58.0,26.0,-38.0,-71.0,-42.0,-4.0,7.0,-204.0,-49.0,82.0,-35.0,81.0,-53.0,164.0
4,2017-25,2105,72.0,-75.0,70.0,89.0,10.0,-14.0,7.0,64.0,-10.0,59.0,117.0,114.0,-22.0,85.0,33.0,34.0,241.0,-78.0,75.0,-54.0,145.0,-54.0,44.0,11.0,606.0,-477.0,-286.0,54.0,-57.0,-155.0,-260.0,3.0,-151.0,148.0,174.0,-89.0,3.0,2.0,-62.0,-41.0,-58.0,26.0,-38.0,-71.0,-42.0,-4.0,7.0,-204.0,-49.0,82.0,-35.0,81.0,-53.0
4,2017-26,2197,92.0,72.0,-75.0,70.0,89.0,10.0,-14.0,7.0,64.0,-10.0,59.0,117.0,114.0,-22.0,85.0,33.0,34.0,241.0,-78.0,75.0,-54.0,145.0,-54.0,44.0,11.0,606.0,-477.0,-286.0,54.0,-57.0,-155.0,-260.0,3.0,-151.0,148.0,174.0,-89.0,3.0,2.0,-62.0,-41.0,-58.0,26.0,-38.0,-71.0,-42.0,-4.0,7.0,-204.0,-49.0,82.0,-35.0,81.0
4,2017-27,2203,6.0,92.0,72.0,-75.0,70.0,89.0,10.0,-14.0,7.0,64.0,-10.0,59.0,117.0,114.0,-22.0,85.0,33.0,34.0,241.0,-78.0,75.0,-54.0,145.0,-54.0,44.0,11.0,606.0,-477.0,-286.0,54.0,-57.0,-155.0,-260.0,3.0,-151.0,148.0,174.0,-89.0,3.0,2.0,-62.0,-41.0,-58.0,26.0,-38.0,-71.0,-42.0,-4.0,7.0,-204.0,-49.0,82.0,-35.0
4,2017-28,2212,9.0,6.0,92.0,72.0,-75.0,70.0,89.0,10.0,-14.0,7.0,64.0,-10.0,59.0,117.0,114.0,-22.0,85.0,33.0,34.0,241.0,-78.0,75.0,-54.0,145.0,-54.0,44.0,11.0,606.0,-477.0,-286.0,54.0,-57.0,-155.0,-260.0,3.0,-151.0,148.0,174.0,-89.0,3.0,2.0,-62.0,-41.0,-58.0,26.0,-38.0,-71.0,-42.0,-4.0,7.0,-204.0,-49.0,82.0
4,2017-29,2158,-54.0,9.0,6.0,92.0,72.0,-75.0,70.0,89.0,10.0,-14.0,7.0,64.0,-10.0,59.0,117.0,114.0,-22.0,85.0,33.0,34.0,241.0,-78.0,75.0,-54.0,145.0,-54.0,44.0,11.0,606.0,-477.0,-286.0,54.0,-57.0,-155.0,-260.0,3.0,-151.0,148.0,174.0,-89.0,3.0,2.0,-62.0,-41.0,-58.0,26.0,-38.0,-71.0,-42.0,-4.0,7.0,-204.0,-49.0
4,2017-30,2252,94.0,-54.0,9.0,6.0,92.0,72.0,-75.0,70.0,89.0,10.0,-14.0,7.0,64.0,-10.0,59.0,117.0,114.0,-22.0,85.0,33.0,34.0,241.0,-78.0,75.0,-54.0,145.0,-54.0,44.0,11.0,606.0,-477.0,-286.0,54.0,-57.0,-155.0,-260.0,3.0,-151.0,148.0,174.0,-89.0,3.0,2.0,-62.0,-41.0,-58.0,26.0,-38.0,-71.0,-42.0,-4.0,7.0,-204.0
4,2017-31,1946,-306.0,94.0,-54.0,9.0,6.0,92.0,72.0,-75.0,70.0,89.0,10.0,-14.0,7.0,64.0,-10.0,59.0,117.0,114.0,-22.0,85.0,33.0,34.0,241.0,-78.0,75.0,-54.0,145.0,-54.0,44.0,11.0,606.0,-477.0,-286.0,54.0,-57.0,-155.0,-260.0,3.0,-151.0,148.0,174.0,-89.0,3.0,2.0,-62.0,-41.0,-58.0,26.0,-38.0,-71.0,-42.0,-4.0,7.0
4,2017-32,1926,-20.0,-306.0,94.0,-54.0,9.0,6.0,92.0,72.0,-75.0,70.0,89.0,10.0,-14.0,7.0,64.0,-10.0,59.0,117.0,114.0,-22.0,85.0,33.0,34.0,241.0,-78.0,75.0,-54.0,145.0,-54.0,44.0,11.0,606.0,-477.0,-286.0,54.0,-57.0,-155.0,-260.0,3.0,-151.0,148.0,174.0,-89.0,3.0,2.0,-62.0,-41.0,-58.0,26.0,-38.0,-71.0,-42.0,-4.0
4,2017-33,1964,38.0,-20.0,-306.0,94.0,-54.0,9.0,6.0,92.0,72.0,-75.0,70.0,89.0,10.0,-14.0,7.0,64.0,-10.0,59.0,117.0,114.0,-22.0,85.0,33.0,34.0,241.0,-78.0,75.0,-54.0,145.0,-54.0,44.0,11.0,606.0,-477.0,-286.0,54.0,-57.0,-155.0,-260.0,3.0,-151.0,148.0,174.0,-89.0,3.0,2.0,-62.0,-41.0,-58.0,26.0,-38.0,-71.0,-42.0
4,2017-34,1950,-14.0,38.0,-20.0,-306.0,94.0,-54.0,9.0,6.0,92.0,72.0,-75.0,70.0,89.0,10.0,-14.0,7.0,64.0,-10.0,59.0,117.0,114.0,-22.0,85.0,33.0,34.0,241.0,-78.0,75.0,-54.0,145.0,-54.0,44.0,11.0,606.0,-477.0,-286.0,54.0,-57.0,-155.0,-260.0,3.0,-151.0,148.0,174.0,-89.0,3.0,2.0,-62.0,-41.0,-58.0,26.0,-38.0,-71.0
4,2017-35,1874,-76.0,-14.0,38.0,-20.0,-306.0,94.0,-54.0,9.0,6.0,92.0,72.0,-75.0,70.0,89.0,10.0,-14.0,7.0,64.0,-10.0,59.0,117.0,114.0,-22.0,85.0,33.0,34.0,241.0,-78.0,75.0,-54.0,145.0,-54.0,44.0,11.0,606.0,-477.0,-286.0,54.0,-57.0,-155.0,-260.0,3.0,-151.0,148.0,174.0,-89.0,3.0,2.0,-62.0,-41.0,-58.0,26.0,-38.0
4,2017-36,1821,-53.0,-76.0,-14.0,38.0,-20.0,-306.0,94.0,-54.0,9.0,6.0,92.0,72.0,-75.0,70.0,89.0,10.0,-14.0,7.0,64.0,-10.0,59.0,117.0,114.0,-22.0,85.0,33.0,34.0,241.0,-78.0,75.0,-54.0,145.0,-54.0,44.0,11.0,606.0,-477.0,-286.0,54.0,-57.0,-155.0,-260.0,3.0,-151.0,148.0,174.0,-89.0,3.0,2.0,-62.0,-41.0,-58.0,26.0
4,2017-37,1800,-21.0,-53.0,-76.0,-14.0,38.0,-20.0,-306.0,94.0,-54.0,9.0,6.0,92.0,72.0,-75.0,70.0,89.0,10.0,-14.0,7.0,64.0,-10.0,59.0,117.0,114.0,-22.0,85.0,33.0,34.0,241.0,-78.0,75.0,-54.0,145.0,-54.0,44.0,11.0,606.0,-477.0,-286.0,54.0,-57.0,-155.0,-260.0,3.0,-151.0,148.0,174.0,-89.0,3.0,2.0,-62.0,-41.0,-58.0
4,2017-38,1755,-45.0,-21.0,-53.0,-76.0,-14.0,38.0,-20.0,-306.0,94.0,-54.0,9.0,6.0,92.0,72.0,-75.0,70.0,89.0,10.0,-14.0,7.0,64.0,-10.0,59.0,117.0,114.0,-22.0,85.0,33.0,34.0,241.0,-78.0,75.0,-54.0,145.0,-54.0,44.0,11.0,606.0,-477.0,-286.0,54.0,-57.0,-155.0,-260.0,3.0,-151.0,148.0,174.0,-89.0,3.0,2.0,-62.0,-41.0
4,2017-39,1823,68.0,-45.0,-21.0,-53.0,-76.0,-14.0,38.0,-20.0,-306.0,94.0,-54.0,9.0,6.0,92.0,72.0,-75.0,70.0,89.0,10.0,-14.0,7.0,64.0,-10.0,59.0,117.0,114.0,-22.0,85.0,33.0,34.0,241.0,-78.0,75.0,-54.0,145.0,-54.0,44.0,11.0,606.0,-477.0,-286.0,54.0,-57.0,-155.0,-260.0,3.0,-151.0,148.0,174.0,-89.0,3.0,2.0,-62.0
4,2017-40,1681,-142.0,68.0,-45.0,-21.0,-53.0,-76.0,-14.0,38.0,-20.0,-306.0,94.0,-54.0,9.0,6.0,92.0,72.0,-75.0,70.0,89.0,10.0,-14.0,7.0,64.0,-10.0,59.0,117.0,114.0,-22.0,85.0,33.0,34.0,241.0,-78.0,75.0,-54.0,145.0,-54.0,44.0,11.0,606.0,-477.0,-286.0,54.0,-57.0,-155.0,-260.0,3.0,-151.0,148.0,174.0,-89.0,3.0,2.0
4,2017-41,1780,99.0,-142.0,68.0,-45.0,-21.0,-53.0,-76.0,-14.0,38.0,-20.0,-306.0,94.0,-54.0,9.0,6.0,92.0,72.0,-75.0,70.0,89.0,10.0,-14.0,7.0,64.0,-10.0,59.0,117.0,114.0,-22.0,85.0,33.0,34.0,241.0,-78.0,75.0,-54.0,145.0,-54.0,44.0,11.0,606.0,-477.0,-286.0,54.0,-57.0,-155.0,-260.0,3.0,-151.0,148.0,174.0,-89.0,3.0
4,2017-42,1688,-92.0,99.0,-142.0,68.0,-45.0,-21.0,-53.0,-76.0,-14.0,38.0,-20.0,-306.0,94.0,-54.0,9.0,6.0,92.0,72.0,-75.0,70.0,89.0,10.0,-14.0,7.0,64.0,-10.0,59.0,117.0,114.0,-22.0,85.0,33.0,34.0,241.0,-78.0,75.0,-54.0,145.0,-54.0,44.0,11.0,606.0,-477.0,-286.0,54.0,-57.0,-155.0,-260.0,3.0,-151.0,148.0,174.0,-89.0
4,2017-43,1729,41.0,-92.0,99.0,-142.0,68.0,-45.0,-21.0,-53.0,-76.0,-14.0,38.0,-20.0,-306.0,94.0,-54.0,9.0,6.0,92.0,72.0,-75.0,70.0,89.0,10.0,-14.0,7.0,64.0,-10.0,59.0,117.0,114.0,-22.0,85.0,33.0,34.0,241.0,-78.0,75.0,-54.0,145.0,-54.0,44.0,11.0,606.0,-477.0,-286.0,54.0,-57.0,-155.0,-260.0,3.0,-151.0,148.0,174.0
4,2017-44,1685,-44.0,41.0,-92.0,99.0,-142.0,68.0,-45.0,-21.0,-53.0,-76.0,-14.0,38.0,-20.0,-306.0,94.0,-54.0,9.0,6.0,92.0,72.0,-75.0,70.0,89.0,10.0,-14.0,7.0,64.0,-10.0,59.0,117.0,114.0,-22.0,85.0,33.0,34.0,241.0,-78.0,75.0,-54.0,145.0,-54.0,44.0,11.0,606.0,-477.0,-286.0,54.0,-57.0,-155.0,-260.0,3.0,-151.0,148.0
4,2017-45,1875,190.0,-44.0,41.0,-92.0,99.0,-142.0,68.0,-45.0,-21.0,-53.0,-76.0,-14.0,38.0,-20.0,-306.0,94.0,-54.0,9.0,6.0,92.0,72.0,-75.0,70.0,89.0,10.0,-14.0,7.0,64.0,-10.0,59.0,117.0,114.0,-22.0,85.0,33.0,34.0,241.0,-78.0,75.0,-54.0,145.0,-54.0,44.0,11.0,606.0,-477.0,-286.0,54.0,-57.0,-155.0,-260.0,3.0,-151.0
4,2017-46,1804,-71.0,190.0,-44.0,41.0,-92.0,99.0,-142.0,68.0,-45.0,-21.0,-53.0,-76.0,-14.0,38.0,-20.0,-306.0,94.0,-54.0,9.0,6.0,92.0,72.0,-75.0,70.0,89.0,10.0,-14.0,7.0,64.0,-10.0,59.0,117.0,114.0,-22.0,85.0,33.0,34.0,241.0,-78.0,75.0,-54.0,145.0,-54.0,44.0,11.0,606.0,-477.0,-286.0,54.0,-57.0,-155.0,-260.0,3.0
4,2017-47,1875,71.0,-71.0,190.0,-44.0,41.0,-92.0,99.0,-142.0,68.0,-45.0,-21.0,-53.0,-76.0,-14.0,38.0,-20.0,-306.0,94.0,-54.0,9.0,6.0,92.0,72.0,-75.0,70.0,89.0,10.0,-14.0,7.0,64.0,-10.0,59.0,117.0,114.0,-22.0,85.0,33.0,34.0,241.0,-78.0,75.0,-54.0,145.0,-54.0,44.0,11.0,606.0,-477.0,-286.0,54.0,-57.0,-155.0,-260.0
4,2017-48,1570,-305.0,71.0,-71.0,190.0,-44.0,41.0,-92.0,99.0,-142.0,68.0,-45.0,-21.0,-53.0,-76.0,-14.0,38.0,-20.0,-306.0,94.0,-54.0,9.0,6.0,92.0,72.0,-75.0,70.0,89.0,10.0,-14.0,7.0,64.0,-10.0,59.0,117.0,114.0,-22.0,85.0,33.0,34.0,241.0,-78.0,75.0,-54.0,145.0,-54.0,44.0,11.0,606.0,-477.0,-286.0,54.0,-57.0,-155.0
4,2017-49,1297,-273.0,-305.0,71.0,-71.0,190.0,-44.0,41.0,-92.0,99.0,-142.0,68.0,-45.0,-21.0,-53.0,-76.0,-14.0,38.0,-20.0,-306.0,94.0,-54.0,9.0,6.0,92.0,72.0,-75.0,70.0,89.0,10.0,-14.0,7.0,64.0,-10.0,59.0,117.0,114.0,-22.0,85.0,33.0,34.0,241.0,-78.0,75.0,-54.0,145.0,-54.0,44.0,11.0,606.0,-477.0,-286.0,54.0,-57.0
4,2017-50,1277,-20.0,-273.0,-305.0,71.0,-71.0,190.0,-44.0,41.0,-92.0,99.0,-142.0,68.0,-45.0,-21.0,-53.0,-76.0,-14.0,38.0,-20.0,-306.0,94.0,-54.0,9.0,6.0,92.0,72.0,-75.0,70.0,89.0,10.0,-14.0,7.0,64.0,-10.0,59.0,117.0,114.0,-22.0,85.0,33.0,34.0,241.0,-78.0,75.0,-54.0,145.0,-54.0,44.0,11.0,606.0,-477.0,-286.0,54.0
4,2017-51,1309,32.0,-20.0,-273.0,-305.0,71.0,-71.0,190.0,-44.0,41.0,-92.0,99.0,-142.0,68.0,-45.0,-21.0,-53.0,-76.0,-14.0,38.0,-20.0,-306.0,94.0,-54.0,9.0,6.0,92.0,72.0,-75.0,70.0,89.0,10.0,-14.0,7.0,64.0,-10.0,59.0,117.0,114.0,-22.0,85.0,33.0,34.0,241.0,-78.0,75.0,-54.0,145.0,-54.0,44.0,11.0,606.0,-477.0,-286.0
4,2017-52,1498,189.0,32.0,-20.0,-273.0,-305.0,71.0,-71.0,190.0,-44.0,41.0,-92.0,99.0,-142.0,68.0,-45.0,-21.0,-53.0,-76.0,-14.0,38.0,-20.0,-306.0,94.0,-54.0,9.0,6.0,92.0,72.0,-75.0,70.0,89.0,10.0,-14.0,7.0,64.0,-10.0,59.0,117.0,114.0,-22.0,85.0,33.0,34.0,241.0,-78.0,75.0,-54.0,145.0,-54.0,44.0,11.0,606.0,-477.0
