item,date,sales,sales_diff,lag_1,lag_2,lag_3,lag_4,lag_5,lag_6,lag_7,lag_8,lag_9,lag_10,lag_11,lag_12,lag_13,lag_14,lag_15,lag_16,lag_17,lag_18,lag_19,lag_20,lag_21,lag_22,lag_23,lag_24,lag_25,lag_26,lag_27,lag_28,lag_29,lag_30,lag_31,lag_32,lag_33,lag_34,lag_35,lag_36,lag_37,lag_38,lag_39,lag_40,lag_41,lag_42,lag_43,lag_44,lag_45,lag_46,lag_47,lag_48,lag_49,lag_50,lag_51,lag_52
8,2014-02,3511,-523.0,651.0,50.0,-72.0,-19.0,-1116.0,-226.0,9.0,39.0,23.0,267.0,55.0,32.0,28.0,-457.0,35.0,-43.0,158.0,-345.0,-6.0,-268.0,388.0,-480.0,-443.0,197.0,-178.0,24.0,457.0,-98.0,-150.0,139.0,178.0,139.0,-27.0,13.0,123.0,219.0,19.0,-27.0,33.0,595.0,21.0,96.0,-24.0,345.0,221.0,167.0,-46.0,60.0,222.0,-17.0,-66.0,-289.0
8,2014-03,3507,-4.0,-523.0,651.0,50.0,-72.0,-19.0,-1116.0,-226.0,9.0,39.0,23.0,267.0,55.0,32.0,28.0,-457.0,35.0,-43.0,158.0,-345.0,-6.0,-268.0,388.0,-480.0,-443.0,197.0,-178.0,24.0,457.0,-98.0,-150.0,139.0,178.0,139.0,-27.0,13.0,123.0,219.0,19.0,-27.0,33.0,595.0,21.0,96.0,-24.0,345.0,221.0,167.0,-46.0,60.0,222.0,-17.0,-66.0
8,2014-04,3448,-59.0,-4.0,-523.0,651.0,50.0,-72.0,-19.0,-1116.0,-226.0,9.0,39.0,23.0,267.0,55.0,32.0,28.0,-457.0,35.0,-43.0,158.0,-345.0,-6.0,-268.0,388.0,-480.0,-443.0,197.0,-178.0,24.0,457.0,-98.0,-150.0,139.0,178.0,139.0,-27.0,13.0,123.0,219.0,19.0,-27.0,33.0,595.0,21.0,96.0,-24.0,345.0,221.0,167.0,-46.0,60.0,222.0,-17.0
8,2014-05,3600,152.0,-59.0,-4.0,-523.0,651.0,50.0,-72.0,-19.0,-1116.0,-226.0,9.0,39.0,23.0,267.0,55.0,32.0,28.0,-457.0,35.0,-43.0,158.0,-345.0,-6.0,-268.0,388.0,-480.0,-443.0,197.0,-178.0,24.0,457.0,-98.0,-150.0,139.0,178.0,139.0,-27.0,13.0,123.0,219.0,19.0,-27.0,33.0,595.0,21.0,96.0,-24.0,345.0,221.0,167.0,-46.0,60.0,222.0
8,2014-06,3923,323.0,152.0,-59.0,-4.0,-523.0,651.0,50.0,-72.0,-19.0,-1116.0,-226.0,9.0,39.0,23.0,267.0,55.0,32.0,28.0,-457.0,35.0,-43.0,158.0,-345.0,-6.0,-268.0,388.0,-480.0,-443.0,197.0,-178.0,24.0,457.0,-98.0,-150.0,139.0,178.0,139.0,-27.0,13.0,123.0,219.0,19.0,-27.0,33.0,595.0,21.0,96.0,-24.0,345.0,221.0,167.0,-46.0,60.0
8,2014-07,3950,27.0,323.0,152.0,-59.0,-4.0,-523.0,651.0,50.0,-72.0,-19.0,-1116.0,-226.0,9.0,39.0,23.0,267.0,55.0,32.0,28.0,-457.0,35.0,-43.0,158.0,-345.0,-6.0,-268.0,388.0,-480.0,-443.0,197.0,-178.0,24.0,457.0,-98.0,-150.0,139.0,178.0,139.0,-27.0,13.0,123.0,219.0,19.0,-27.0,33.0,595.0,21.0,96.0,-24.0,345.0,221.0,167.0,-46.0
8,2014-08,3914,-36.0,27.0,323.0,152.0,-59.0,-4.0,-523.0,651.0,50.0,-72.0,-19.0,-1116.0,-226.0,9.0,39.0,23.0,267.0,55.0,32.0,28.0,-457.0,35.0,-43.0,158.0,-345.0,-6.0,-268.0,388.0,-480.0,-443.0,197.0,-178.0,24.0,457.0,-98.0,-150.0,139.0,178.0,139.0,-27.0,13.0,123.0,219.0,19.0,-27.0,33.0,595.0,21.0,96.0,-24.0,345.0,221.0,167.0
8,2014-09,4212,298.0,-36.0,27.0,323.0,152.0,-59.0,-4.0,-523.0,651.0,50.0,-72.0,-19.0,-1116.0,-226.0,9.0,39.0,23.0,267.0,55.0,32.0,28.0,-457.0,35.0,-43.0,158.0,-345.0,-6.0,-268.0,388.0,-480.0,-443.0,197.0,-178.0,24.0,457.0,-98.0,-150.0,139.0,178.0,139.0,-27.0,13.0,123.0,219.0,19.0,-27.0,33.0,595.0,21.0,96.0,-24.0,345.0,221.0
8,2014-10,4666,454.0,298.0,-36.0,27.0,323.0,152.0,-59.0,-4.0,-523.0,651.0,50.0,-72.0,-19.0,-1116.0,-226.0,9.0,39.0,23.0,267.0,55.0,32.0,28.0,-457.0,35.0,-43.0,158.0,-345.0,-6.0,-268.0,388.0,-480.0,-443.0,197.0,-178.0,24.0,457.0,-98.0,-150.0,139.0,178.0,139.0,-27.0,13.0,123.0,219.0,19.0,-27.0,33.0,595.0,21.0,96.0,-24.0,345.0
8,2014-11,4610,-56.0,454.0,298.0,-36.0,27.0,323.0,152.0,-59.0,-4.0,-523.0,651.0,50.0,-72.0,-19.0,-1116.0,-226.0,9.0,39.0,23.0,267.0,55.0,32.0,28.0,-457.0,35.0,-43.0,158.0,-345.0,-6.0,-268.0,388.0,-480.0,-443.0,197.0,-178.0,24.0,457.0,-98.0,-150.0,139.0,178.0,139.0,-27.0,13.0,123.0,219.0,19.0,-27.0,33.0,595.0,21.0,96.0,-24.0
8,2014-12,4731,121.0,-56.0,454.0,298.0,-36.0,27.0,323.0,152.0,-59.0,-4.0,-523.0,651.0,50.0,-72.0,-19.0,-1116.0,-226.0,9.0,39.0,23.0,267.0,55.0,32.0,28.0,-457.0,35.0,-43.0,158.0,-345.0,-6.0,-268.0,388.0,-480.0,-443.0,197.0,-178.0,24.0,457.0,-98.0,-150.0,139.0,178.0,139.0,-27.0,13.0,123.0,219.0,19.0,-27.0,33.0,595.0,21.0,96.0
8,2014-13,4547,-184.0,121.0,-56.0,454.0,298.0,-36.0,27.0,323.0,152.0,-59.0,-4.0,-523.0,651.0,50.0,-72.0,-19.0,-1116.0,-226.0,9.0,39.0,23.0,267.0,55.0,32.0,28.0,-457.0,35.0,-43.0,158.0,-345.0,-6.0,-268.0,388.0,-480.0,-443.0,197.0,-178.0,24.0,457.0,-98.0,-150.0,139.0,178.0,139.0,-27.0,13.0,123.0,219.0,19.0,-27.0,33.0,595.0,21.0
8,2014-14,5324,777.0,-184.0,121.0,-56.0,454.0,298.0,-36.0,27.0,323.0,152.0,-59.0,-4.0,-523.0,651.0,50.0,-72.0,-19.0,-1116.0,-226.0,9.0,39.0,23.0,267.0,55.0,32.0,28.0,-457.0,35.0,-43.0,158.0,-345.0,-6.0,-268.0,388.0,-480.0,-443.0,197.0,-178.0,24.0,457.0,-98.0,-150.0,139.0,178.0,139.0,-27.0,13.0,123.0,219.0,19.0,-27.0,33.0,595.0
8,2014-15,5511,187.0,777.0,-184.0,121.0,-56.0,454.0,298.0,-36.0,27.0,323.0,152.0,-59.0,-4.0,-523.0,651.0,50.0,-72.0,-19.0,-1116.0,-226.0,9.0,39.0,23.0,267.0,55.0,32.0,28.0,-457.0,35.0,-43.0,158.0,-345.0,-6.0,-268.0,388.0,-480.0,-443.0,197.0,-178.0,24.0,457.0,-98.0,-150.0,139.0,178.0,139.0,-27.0,13.0,123.0,219.0,19.0,-27.0,33.0
8,2014-16,5463,-48.0,187.0,777.0,-184.0,121.0,-56.0,454.0,298.0,-36.0,27.0,323.0,152.0,-59.0,-4.0,-523.0,651.0,50.0,-72.0,-19.0,-1116.0,-226.0,9.0,39.0,23.0,267.0,55.0,32.0,28.0,-457.0,35.0,-43.0,158.0,-345.0,-6.0,-268.0,388.0,-480.0,-443.0,197.0,-178.0,24.0,457.0,-98.0,-150.0,139.0,178.0,139.0,-27.0,13.0,123.0,219.0,19.0,-27.0
8,2014-17,5588,125.0,-48.0,187.0,777.0,-184.0,121.0,-56.0,454.0,298.0,-36.0,27.0,323.0,152.0,-59.0,-4.0,-523.0,651.0,50.0,-72.0,-19.0,-1116.0,-226.0,9.0,39.0,23.0,267.0,55.0,32.0,28.0,-457.0,35.0,-43.0,158.0,-345.0,-6.0,-268.0,388.0,-480.0,-443.0,197.0,-178.0,24.0,457.0,-98.0,-150.0,139.0,178.0,139.0,-27.0,13.0,123.0,219.0,19.0
8,2014-18,5702,114.0,125.0,-48.0,187.0,777.0,-184.0,121.0,-56.0,454.0,298.0,-36.0,27.0,323.0,152.0,-59.0,-4.0,-523.0,651.0,50.0,-72.0,-19.0,-1116.0,-226.0,9.0,39.0,23.0,267.0,55.0,32.0,28.0,-457.0,35.0,-43.0,158.0,-345.0,-6.0,-268.0,388.0,-480.0,-443.0,197.0,-178.0,24.0,457.0,-98.0,-150.0,139.0,178.0,139.0,-27.0,13.0,123.0,219.0
8,2014-19,5800,98.0,114.0,125.0,-48.0,187.0,777.0,-184.0,121.0,-56.0,454.0,298.0,-36.0,27.0,323.0,152.0,-59.0,-4.0,-523.0,651.0,50.0,-72.0,-19.0,-1116.0,-226.0,9.0,39.0,23.0,267.0,55.0,32.0,28.0,-457.0,35.0,-43.0,158.0,-345.0,-6.0,-268.0,388.0,-480.0,-443.0,197.0,-178.0,24.0,457.0,-98.0,-150.0,139.0,178.0,139.0,-27.0,13.0,123.0
8,2014-20,5945,145.0,98.0,114.0,125.0,-48.0,187.0,777.0,-184.0,121.0,-56.0,454.0,298.0,-36.0,27.0,323.0,152.0,-59.0,-4.0,-523.0,651.0,50.0,-72.0,-19.0,-1116.0,-226.0,9.0,39.0,23.0,267.0,55.0,32.0,28.0,-457.0,35.0,-43.0,158.0,-345.0,-6.0,-268.0,388.0,-480.0,-443.0,197.0,-178.0,24.0,457.0,-98.0,-150.0,139.0,178.0,139.0,-27.0,13.0
8,2014-21,5851,-94.0,145.0,98.0,114.0,125.0,-48.0,187.0,777.0,-184.0,121.0,-56.0,454.0,298.0,-36.0,27.0,323.0,152.0,-59.0,-4.0,-523.0,651.0,50.0,-72.0,-19.0,-1116.0,-226.0,9.0,39.0,23.0,267.0,55.0,32.0,28.0,-457.0,35.0,-43.0,158.0,-345.0,-6.0,-268.0,388.0,-480.0,-443.0,197.0,-178.0,24.0,457.0,-98.0,-150.0,139.0,178.0,139.0,-27.0
8,2014-22,5935,84.0,-94.0,145.0,98.0,114.0,125.0,-48.0,187.0,777.0,-184.0,121.0,-56.0,454.0,298.0,-36.0,27.0,323.0,152.0,-59.0,-4.0,-523.0,651.0,50.0,-72.0,-19.0,-1116.0,-226.0,9.0,39.0,23.0,267.0,55.0,32.0,28.0,-457.0,35.0,-43.0,158.0,-345.0,-6.0,-268.0,388.0,-480.0,-443.0,197.0,-178.0,24.0,457.0,-98.0,-150.0,139.0,178.0,139.0
8,2014-23,6313,378.0,84.0,-94.0,145.0,98.0,114.0,125.0,-48.0,187.0,777.0,-184.0,121.0,-56.0,454.0,298.0,-36.0,27.0,323.0,152.0,-59.0,-4.0,-523.0,651.0,50.0,-72.0,-19.0,-1116.0,-226.0,9.0,39.0,23.0,267.0,55.0,32.0,28.0,-457.0,35.0,-43.0,158.0,-345.0,-6.0,-268.0,388.0,-480.0,-443.0,197.0,-178.0,24.0,457.0,-98.0,-150.0,139.0,178.0
8,2014-24,6141,-172.0,378.0,84.0,-94.0,145.0,98.0,114.0,125.0,-48.0,187.0,777.0,-184.0,121.0,-56.0,454.0,298.0,-36.0,27.0,323.0,152.0,-59.0,-4.0,-523.0,651.0,50.0,-72.0,-19.0,-1116.0,-226.0,9.0,39.0,23.0,267.0,55.0,32.0,28.0,-457.0,35.0,-43.0,158.0,-345.0,-6.0,-268.0,388.0,-480.0,-443.0,197.0,-178.0,24.0,457.0,-98.0,-150.0,139.0
8,2014-25,6407,266.0,-172.0,378.0,84.0,-94.0,145.0,98.0,114.0,125.0,-48.0,187.0,777.0,-184.0,121.0,-56.0,454.0,298.0,-36.0,27.0,323.0,152.0,-59.0,-4.0,-523.0,651.0,50.0,-72.0,-19.0,-1116.0,-226.0,9.0,39.0,23.0,267.0,55.0,32.0,28.0,-457.0,35.0,-43.0,158.0,-345.0,-6.0,-268.0,388.0,-480.0,-443.0,197.0,-178.0,24.0,457.0,-98.0,-150.0
8,2014-26,6264,-143.0,266.0,-172.0,378.0,84.0,-94.0,145.0,98.0,114.0,125.0,-48.0,187.0,777.0,-184.0,121.0,-56.0,454.0,298.0,-36.0,27.0,323.0,152.0,-59.0,-4.0,-523.0,651.0,50.0,-72.0,-19.0,-1116.0,-226.0,9.0,39.0,23.0,267.0,55.0,32.0,28.0,-457.0,35.0,-43.0,158.0,-345.0,-6.0,-268.0,388.0,-480.0,-443.0,197.0,-178.0,24.0,457.0,-98.0
8,2014-27,6693,429.0,-143.0,266.0,-172.0,378.0,84.0,-94.0,145.0,98.0,114.0,125.0,-48.0,187.0,777.0,-184.0,121.0,-56.0,454.0,298.0,-36.0,27.0,323.0,152.0,-59.0,-4.0,-523.0,651.0,50.0,-72.0,-19.0,-1116.0,-226.0,9.0,39.0,23.0,267.0,55.0,32.0,28.0,-457.0,35.0,-43.0,158.0,-345.0,-6.0,-268.0,388.0,-480.0,-443.0,197.0,-178.0,24.0,457.0
8,2014-28,6737,44.0,429.0,-143.0,266.0,-172.0,378.0,84.0,-94.0,145.0,98.0,114.0,125.0,-48.0,187.0,777.0,-184.0,121.0,-56.0,454.0,298.0,-36.0,27.0,323.0,152.0,-59.0,-4.0,-523.0,651.0,50.0,-72.0,-19.0,-1116.0,-226.0,9.0,39.0,23.0,267.0,55.0,32.0,28.0,-457.0,35.0,-43.0,158.0,-345.0,-6.0,-268.0,388.0,-480.0,-443.0,197.0,-178.0,24.0
8,2014-29,6627,-110.0,44.0,429.0,-143.0,266.0,-172.0,378.0,84.0,-94.0,145.0,98.0,114.0,125.0,-48.0,187.0,777.0,-184.0,121.0,-56.0,454.0,298.0,-36.0,27.0,323.0,152.0,-59.0,-4.0,-523.0,651.0,50.0,-72.0,-19.0,-1116.0,-226.0,9.0,39.0,23.0,267.0,55.0,32.0,28.0,-457.0,35.0,-43.0,158.0,-345.0,-6.0,-268.0,388.0,-480.0,-443.0,197.0,-178.0
8,2014-30,6616,-11.0,-110.0,44.0,429.0,-143.0,266.0,-172.0,378.0,84.0,-94.0,145.0,98.0,114.0,125.0,-48.0,187.0,777.0,-184.0,121.0,-56.0,454.0,298.0,-36.0,27.0,323.0,152.0,-59.0,-4.0,-523.0,651.0,50.0,-72.0,-19.0,-1116.0,-226.0,9.0,39.0,23.0,267.0,55.0,32.0,28.0,-457.0,35.0,-43.0,158.0,-345.0,-6.0,-268.0,388.0,-480.0,-443.0,197.0
8,2014-31,6194,-422.0,-11.0,-110.0,44.0,429.0,-143.0,266.0,-172.0,378.0,84.0,-94.0,145.0,98.0,114.0,125.0,-48.0,187.0,777.0,-184.0,121.0,-56.0,454.0,298.0,-36.0,27.0,323.0,152.0,-59.0,-4.0,-523.0,651.0,50.0,-72.0,-19.0,-1116.0,-226.0,9.0,39.0,23.0,267.0,55.0,32.0,28.0,-457.0,35.0,-43.0,158.0,-345.0,-6.0,-268.0,388.0,-480.0,-443.0
8,2014-32,5776,-418.0,-422.0,-11.0,-110.0,44.0,429.0,-143.0,266.0,-172.0,378.0,84.0,-94.0,145.0,98.0,114.0,125.0,-48.0,187.0,777.0,-184.0,121.0,-56.0,454.0,298.0,-36.0,27.0,323.0,152.0,-59.0,-4.0,-523.0,651.0,50.0,-72.0,-19.0,-1116.0,-226.0,9.0,39.0,23.0,267.0,55.0,32.0,28.0,-457.0,35.0,-43.0,158.0,-345.0,-6.0,-268.0,388.0,-480.0
8,2014-33,5847,71.0,-418.0,-422.0,-11.0,-110.0,44.0,429.0,-143.0,266.0,-172.0,378.0,84.0,-94.0,145.0,98.0,114.0,125.0,-48.0,187.0,777.0,-184.0,121.0,-56.0,454.0,298.0,-36.0,27.0,323.0,152.0,-59.0,-4.0,-523.0,651.0,50.0,-72.0,-19.0,-1116.0,-226.0,9.0,39.0,23.0,267.0,55.0,32.0,28.0,-457.0,35.0,-43.0,158.0,-345.0,-6.0,-268.0,388.0
8,2014-34,5656,-191.0,71.0,-418.0,-422.0,-11.0,-110.0,44.0,429.0,-143.0,266.0,-172.0,378.0,84.0,-94.0,145.0,98.0,114.0,125.0,-48.0,187.0,777.0,-184.0,121.0,-56.0,454.0,298.0,-36.0,27.0,323.0,152.0,-59.0,-4.0,-523.0,651.0,50.0,-72.0,-19.0,-1116.0,-226.0,9.0,39.0,23.0,267.0,55.0,32.0,28.0,-457.0,35.0,-43.0,158.0,-345.0,-6.0,-268.0
8,2014-35,5795,139.0,-191.0,71.0,-418.0,-422.0,-11.0,-110.0,44.0,429.0,-143.0,266.0,-172.0,378.0,84.0,-94.0,145.0,98.0,114.0,125.0,-48.0,187.0,777.0,-184.0,121.0,-56.0,454.0,298.0,-36.0,27.0,323.0,152.0,-59.0,-4.0,-523.0,651.0,50.0,-72.0,-19.0,-1116.0,-226.0,9.0,39.0,23.0,267.0,55.0,32.0,28.0,-457.0,35.0,-43.0,158.0,-345.0,-6.0
8,2014-36,5545,-250.0,139.0,-191.0,71.0,-418.0,-422.0,-11.0,-110.0,44.0,429.0,-143.0,266.0,-172.0,378.0,84.0,-94.0,145.0,98.0,114.0,125.0,-48.0,187.0,777.0,-184.0,121.0,-56.0,454.0,298.0,-36.0,27.0,323.0,152.0,-59.0,-4.0,-523.0,651.0,50.0,-72.0,-19.0,-1116.0,-226.0,9.0,39.0,23.0,267.0,55.0,32.0,28.0,-457.0,35.0,-43.0,158.0,-345.0
8,2014-37,5380,-165.0,-250.0,139.0,-191.0,71.0,-418.0,-422.0,-11.0,-110.0,44.0,429.0,-143.0,266.0,-172.0,378.0,84.0,-94.0,145.0,98.0,114.0,125.0,-48.0,187.0,777.0,-184.0,121.0,-56.0,454.0,298.0,-36.0,27.0,323.0,152.0,-59.0,-4.0,-523.0,651.0,50.0,-72.0,-19.0,-1116.0,-226.0,9.0,39.0,23.0,267.0,55.0,32.0,28.0,-457.0,35.0,-43.0,158.0
8,2014-38,5421,41.0,-165.0,-250.0,139.0,-191.0,71.0,-418.0,-422.0,-11.0,-110.0,44.0,429.0,-143.0,266.0,-172.0,378.0,84.0,-94.0,145.0,98.0,114.0,125.0,-48.0,187.0,777.0,-184.0,121.0,-56.0,454.0,298.0,-36.0,27.0,323.0,152.0,-59.0,-4.0,-523.0,651.0,50.0,-72.0,-19.0,-1116.0,-226.0,9.0,39.0,23.0,267.0,55.0,32.0,28.0,-457.0,35.0,-43.0
8,2014-39,5364,-57.0,41.0,-165.0,-250.0,139.0,-191.0,71.0,-418.0,-422.0,-11.0,-110.0,44.0,429.0,-143.0,266.0,-172.0,378.0,84.0,-94.0,145.0,98.0,114.0,125.0,-48.0,187.0,777.0,-184.0,121.0,-56.0,454.0,298.0,-36.0,27.0,323.0,152.0,-59.0,-4.0,-523.0,651.0,50.0,-72.0,-19.0,-1116.0,-226.0,9.0,39.0,23.0,267.0,55.0,32.0,28.0,-457.0,35.0
8,2014-40,5145,-219.0,-57.0,41.0,-165.0,-250.0,139.0,-191.0,71.0,-418.0,-422.0,-11.0,-110.0,44.0,429.0,-143.0,266.0,-172.0,378.0,84.0,-94.0,145.0,98.0,114.0,125.0,-48.0,187.0,777.0,-184.0,121.0,-56.0,454.0,298.0,-36.0,27.0,323.0,152.0,-59.0,-4.0,-523.0,651.0,50.0,-72.0,-19.0,-1116.0,-226.0,9.0,39.0,23.0,267.0,55.0,32.0,28.0,-457.0
8,2014-41,4984,-161.0,-219.0,-57.0,41.0,-165.0,-250.0,139.0,-191.0,71.0,-418.0,-422.0,-11.0,-110.0,44.0,429.0,-143.0,266.0,-172.0,378.0,84.0,-94.0,145.0,98.0,114.0,125.0,-48.0,187.0,777.0,-184.0,121.0,-56.0,454.0,298.0,-36.0,27.0,323.0,152.0,-59.0,-4.0,-523.0,651.0,50.0,-72.0,-19.0,-1116.0,-226.0,9.0,39.0,23.0,267.0,55.0,32.0,28.0
8,2014-42,4999,15.0,-161.0,-219.0,-57.0,41.0,-165.0,-250.0,139.0,-191.0,71.0,-418.0,-422.0,-11.0,-110.0,44.0,429.0,-143.0,266.0,-172.0,378.0,84.0,-94.0,145.0,98.0,114.0,125.0,-48.0,187.0,777.0,-184.0,121.0,-56.0,454.0,298.0,-36.0,27.0,323.0,152.0,-59.0,-4.0,-523.0,651.0,50.0,-72.0,-19.0,-1116.0,-226.0,9.0,39.0,23.0,267.0,55.0,32.0
8,2014-43,5031,32.0,15.0,-161.0,-219.0,-57.0,41.0,-165.0,-250.0,139.0,-191.0,71.0,-418.0,-422.0,-11.0,-110.0,44.0,429.0,-143.0,266.0,-172.0,378.0,84.0,-94.0,145.0,98.0,114.0,125.0,-48.0,187.0,777.0,-184.0,121.0,-56.0,454.0,298.0,-36.0,27.0,323.0,152.0,-59.0,-4.0,-523.0,651.0,50.0,-72.0,-19.0,-1116.0,-226.0,9.0,39.0,23.0,267.0,55.0
8,2014-44,5260,229.0,32.0,15.0,-161.0,-219.0,-57.0,41.0,-165.0,-250.0,139.0,-191.0,71.0,-418.0,-422.0,-11.0,-110.0,44.0,429.0,-143.0,266.0,-172.0,378.0,84.0,-94.0,145.0,98.0,114.0,125.0,-48.0,187.0,777.0,-184.0,121.0,-56.0,454.0,298.0,-36.0,27.0,323.0,152.0,-59.0,-4.0,-523.0,651.0,50.0,-72.0,-19.0,-1116.0,-226.0,9.0,39.0,23.0,267.0
8,2014-45,5468,208.0,229.0,32.0,15.0,-161.0,-219.0,-57.0,41.0,-165.0,-250.0,139.0,-191.0,71.0,-418.0,-422.0,-11.0,-110.0,44.0,429.0,-143.0,266.0,-172.0,378.0,84.0,-94.0,145.0,98.0,114.0,125.0,-48.0,187.0,777.0,-184.0,121.0,-56.0,454.0,298.0,-36.0,27.0,323.0,152.0,-59.0,-4.0,-523.0,651.0,50.0,-72.0,-19.0,-1116.0,-226.0,9.0,39.0,23.0
8,2014-46,5516,48.0,208.0,229.0,32.0,15.0,-161.0,-219.0,-57.0,41.0,-165.0,-250.0,139.0,-191.0,71.0,-418.0,-422.0,-11.0,-110.0,44.0,429.0,-143.0,266.0,-172.0,378.0,84.0,-94.0,145.0,98.0,114.0,125.0,-48.0,187.0,777.0,-184.0,121.0,-56.0,454.0,298.0,-36.0,27.0,323.0,152.0,-59.0,-4.0,-523.0,651.0,50.0,-72.0,-19.0,-1116.0,-226.0,9.0,39.0
8,2014-47,5453,-63.0,48.0,208.0,229.0,32.0,15.0,-161.0,-219.0,-57.0,41.0,-165.0,-250.0,139.0,-191.0,71.0,-418.0,-422.0,-11.0,-110.0,44.0,429.0,-143.0,266.0,-172.0,378.0,84.0,-94.0,145.0,98.0,114.0,125.0,-48.0,187.0,777.0,-184.0,121.0,-56.0,454.0,298.0,-36.0,27.0,323.0,152.0,-59.0,-4.0,-523.0,651.0,50.0,-72.0,-19.0,-1116.0,-226.0,9.0
8,2014-48,5517,64.0,-63.0,48.0,208.0,229.0,32.0,15.0,-161.0,-219.0,-57.0,41.0,-165.0,-250.0,139.0,-191.0,71.0,-418.0,-422.0,-11.0,-110.0,44.0,429.0,-143.0,266.0,-172.0,378.0,84.0,-94.0,145.0,98.0,114.0,125.0,-48.0,187.0,777.0,-184.0,121.0,-56.0,454.0,298.0,-36.0,27.0,323.0,152.0,-59.0,-4.0,-523.0,651.0,50.0,-72.0,-19.0,-1116.0,-226.0
8,2014-49,3853,-1664.0,64.0,-63.0,48.0,208.0,229.0,32.0,15.0,-161.0,-219.0,-57.0,41.0,-165.0,-250.0,139.0,-191.0,71.0,-418.0,-422.0,-11.0,-110.0,44.0,429.0,-143.0,266.0,-172.0,378.0,84.0,-94.0,145.0,98.0,114.0,125.0,-48.0,187.0,777.0,-184.0,121.0,-56.0,454.0,298.0,-36.0,27.0,323.0,152.0,-59.0,-4.0,-523.0,651.0,50.0,-72.0,-19.0,-1116.0
8,2014-50,3835,-18.0,-1664.0,64.0,-63.0,48.0,208.0,229.0,32.0,15.0,-161.0,-219.0,-57.0,41.0,-165.0,-250.0,139.0,-191.0,71.0,-418.0,-422.0,-11.0,-110.0,44.0,429.0,-143.0,266.0,-172.0,378.0,84.0,-94.0,145.0,98.0,114.0,125.0,-48.0,187.0,777.0,-184.0,121.0,-56.0,454.0,298.0,-36.0,27.0,323.0,152.0,-59.0,-4.0,-523.0,651.0,50.0,-72.0,-19.0
8,2014-51,3907,72.0,-18.0,-1664.0,64.0,-63.0,48.0,208.0,229.0,32.0,15.0,-161.0,-219.0,-57.0,41.0,-165.0,-250.0,139.0,-191.0,71.0,-418.0,-422.0,-11.0,-110.0,44.0,429.0,-143.0,266.0,-172.0,378.0,84.0,-94.0,145.0,98.0,114.0,125.0,-48.0,187.0,777.0,-184.0,121.0,-56.0,454.0,298.0,-36.0,27.0,323.0,152.0,-59.0,-4.0,-523.0,651.0,50.0,-72.0
8,2014-52,3796,-111.0,72.0,-18.0,-1664.0,64.0,-63.0,48.0,208.0,229.0,32.0,15.0,-161.0,-219.0,-57.0,41.0,-165.0,-250.0,139.0,-191.0,71.0,-418.0,-422.0,-11.0,-110.0,44.0,429.0,-143.0,266.0,-172.0,378.0,84.0,-94.0,145.0,98.0,114.0,125.0,-48.0,187.0,777.0,-184.0,121.0,-56.0,454.0,298.0,-36.0,27.0,323.0,152.0,-59.0,-4.0,-523.0,651.0,50.0
8,2015-01,2206,-1590.0,-111.0,72.0,-18.0,-1664.0,64.0,-63.0,48.0,208.0,229.0,32.0,15.0,-161.0,-219.0,-57.0,41.0,-165.0,-250.0,139.0,-191.0,71.0,-418.0,-422.0,-11.0,-110.0,44.0,429.0,-143.0,266.0,-172.0,378.0,84.0,-94.0,145.0,98.0,114.0,125.0,-48.0,187.0,777.0,-184.0,121.0,-56.0,454.0,298.0,-36.0,27.0,323.0,152.0,-59.0,-4.0,-523.0,651.0
8,2015-02,3627,1421.0,-1590.0,-111.0,72.0,-18.0,-1664.0,64.0,-63.0,48.0,208.0,229.0,32.0,15.0,-161.0,-219.0,-57.0,41.0,-165.0,-250.0,139.0,-191.0,71.0,-418.0,-422.0,-11.0,-110.0,44.0,429.0,-143.0,266.0,-172.0,378.0,84.0,-94.0,145.0,98.0,114.0,125.0,-48.0,187.0,777.0,-184.0,121.0,-56.0,454.0,298.0,-36.0,27.0,323.0,152.0,-59.0,-4.0,-523.0
8,2015-03,3649,22.0,1421.0,-1590.0,-111.0,72.0,-18.0,-1664.0,64.0,-63.0,48.0,208.0,229.0,32.0,15.0,-161.0,-219.0,-57.0,41.0,-165.0,-250.0,139.0,-191.0,71.0,-418.0,-422.0,-11.0,-110.0,44.0,429.0,-143.0,266.0,-172.0,378.0,84.0,-94.0,145.0,98.0,114.0,125.0,-48.0,187.0,777.0,-184.0,121.0,-56.0,454.0,298.0,-36.0,27.0,323.0,152.0,-59.0,-4.0
8,2015-04,3680,31.0,22.0,1421.0,-1590.0,-111.0,72.0,-18.0,-1664.0,64.0,-63.0,48.0,208.0,229.0,32.0,15.0,-161.0,-219.0,-57.0,41.0,-165.0,-250.0,139.0,-191.0,71.0,-418.0,-422.0,-11.0,-110.0,44.0,429.0,-143.0,266.0,-172.0,378.0,84.0,-94.0,145.0,98.0,114.0,125.0,-48.0,187.0,777.0,-184.0,121.0,-56.0,454.0,298.0,-36.0,27.0,323.0,152.0,-59.0
8,2015-05,3690,10.0,31.0,22.0,1421.0,-1590.0,-111.0,72.0,-18.0,-1664.0,64.0,-63.0,48.0,208.0,229.0,32.0,15.0,-161.0,-219.0,-57.0,41.0,-165.0,-250.0,139.0,-191.0,71.0,-418.0,-422.0,-11.0,-110.0,44.0,429.0,-143.0,266.0,-172.0,378.0,84.0,-94.0,145.0,98.0,114.0,125.0,-48.0,187.0,777.0,-184.0,121.0,-56.0,454.0,298.0,-36.0,27.0,323.0,152.0
8,2015-06,4103,413.0,10.0,31.0,22.0,1421.0,-1590.0,-111.0,72.0,-18.0,-1664.0,64.0,-63.0,48.0,208.0,229.0,32.0,15.0,-161.0,-219.0,-57.0,41.0,-165.0,-250.0,139.0,-191.0,71.0,-418.0,-422.0,-11.0,-110.0,44.0,429.0,-143.0,266.0,-172.0,378.0,84.0,-94.0,145.0,98.0,114.0,125.0,-48.0,187.0,777.0,-184.0,121.0,-56.0,454.0,298.0,-36.0,27.0,323.0
8,2015-07,4124,21.0,413.0,10.0,31.0,22.0,1421.0,-1590.0,-111.0,72.0,-18.0,-1664.0,64.0,-63.0,48.0,208.0,229.0,32.0,15.0,-161.0,-219.0,-57.0,41.0,-165.0,-250.0,139.0,-191.0,71.0,-418.0,-422.0,-11.0,-110.0,44.0,429.0,-143.0,266.0,-172.0,378.0,84.0,-94.0,145.0,98.0,114.0,125.0,-48.0,187.0,777.0,-184.0,121.0,-56.0,454.0,298.0,-36.0,27.0
8,2015-08,4080,-44.0,21.0,413.0,10.0,31.0,22.0,1421.0,-1590.0,-111.0,72.0,-18.0,-1664.0,64.0,-63.0,48.0,208.0,229.0,32.0,15.0,-161.0,-219.0,-57.0,41.0,-165.0,-250.0,139.0,-191.0,71.0,-418.0,-422.0,-11.0,-110.0,44.0,429.0,-143.0,266.0,-172.0,378.0,84.0,-94.0,145.0,98.0,114.0,125.0,-48.0,187.0,777.0,-184.0,121.0,-56.0,454.0,298.0,-36.0
8,2015-09,4218,138.0,-44.0,21.0,413.0,10.0,31.0,22.0,1421.0,-1590.0,-111.0,72.0,-18.0,-1664.0,64.0,-63.0,48.0,208.0,229.0,32.0,15.0,-161.0,-219.0,-57.0,41.0,-165.0,-250.0,139.0,-191.0,71.0,-418.0,-422.0,-11.0,-110.0,44.0,429.0,-143.0,266.0,-172.0,378.0,84.0,-94.0,145.0,98.0,114.0,125.0,-48.0,187.0,777.0,-184.0,121.0,-56.0,454.0,298.0
8,2015-10,4988,770.0,138.0,-44.0,21.0,413.0,10.0,31.0,22.0,1421.0,-1590.0,-111.0,72.0,-18.0,-1664.0,64.0,-63.0,48.0,208.0,229.0,32.0,15.0,-161.0,-219.0,-57.0,41.0,-165.0,-250.0,139.0,-191.0,71.0,-418.0,-422.0,-11.0,-110.0,44.0,429.0,-143.0,266.0,-172.0,378.0,84.0,-94.0,145.0,98.0,114.0,125.0,-48.0,187.0,777.0,-184.0,121.0,-56.0,454.0
8,2015-11,4931,-57.0,770.0,138.0,-44.0,21.0,413.0,10.0,31.0,22.0,1421.0,-1590.0,-111.0,72.0,-18.0,-1664.0,64.0,-63.0,48.0,208.0,229.0,32.0,15.0,-161.0,-219.0,-57.0,41.0,-165.0,-250.0,139.0,-191.0,71.0,-418.0,-422.0,-11.0,-110.0,44.0,429.0,-143.0,266.0,-172.0,378.0,84.0,-94.0,145.0,98.0,114.0,125.0,-48.0,187.0,777.0,-184.0,121.0,-56.0
8,2015-12,4895,-36.0,-57.0,770.0,138.0,-44.0,21.0,413.0,10.0,31.0,22.0,1421.0,-1590.0,-111.0,72.0,-18.0,-1664.0,64.0,-63.0,48.0,208.0,229.0,32.0,15.0,-161.0,-219.0,-57.0,41.0,-165.0,-250.0,139.0,-191.0,71.0,-418.0,-422.0,-11.0,-110.0,44.0,429.0,-143.0,266.0,-172.0,378.0,84.0,-94.0,145.0,98.0,114.0,125.0,-48.0,187.0,777.0,-184.0,121.0
8,2015-13,4984,89.0,-36.0,-57.0,770.0,138.0,-44.0,21.0,413.0,10.0,31.0,22.0,1421.0,-1590.0,-111.0,72.0,-18.0,-1664.0,64.0,-63.0,48.0,208.0,229.0,32.0,15.0,-161.0,-219.0,-57.0,41.0,-165.0,-250.0,139.0,-191.0,71.0,-418.0,-422.0,-11.0,-110.0,44.0,429.0,-143.0,266.0,-172.0,378.0,84.0,-94.0,145.0,98.0,114.0,125.0,-48.0,187.0,777.0,-184.0
8,2015-14,5487,503.0,89.0,-36.0,-57.0,770.0,138.0,-44.0,21.0,413.0,10.0,31.0,22.0,1421.0,-1590.0,-111.0,72.0,-18.0,-1664.0,64.0,-63.0,48.0,208.0,229.0,32.0,15.0,-161.0,-219.0,-57.0,41.0,-165.0,-250.0,139.0,-191.0,71.0,-418.0,-422.0,-11.0,-110.0,44.0,429.0,-143.0,266.0,-172.0,378.0,84.0,-94.0,145.0,98.0,114.0,125.0,-48.0,187.0,777.0
8,2015-15,5645,158.0,503.0,89.0,-36.0,-57.0,770.0,138.0,-44.0,21.0,413.0,10.0,31.0,22.0,1421.0,-1590.0,-111.0,72.0,-18.0,-1664.0,64.0,-63.0,48.0,208.0,229.0,32.0,15.0,-161.0,-219.0,-57.0,41.0,-165.0,-250.0,139.0,-191.0,71.0,-418.0,-422.0,-11.0,-110.0,44.0,429.0,-143.0,266.0,-172.0,378.0,84.0,-94.0,145.0,98.0,114.0,125.0,-48.0,187.0
8,2015-16,5695,50.0,158.0,503.0,89.0,-36.0,-57.0,770.0,138.0,-44.0,21.0,413.0,10.0,31.0,22.0,1421.0,-1590.0,-111.0,72.0,-18.0,-1664.0,64.0,-63.0,48.0,208.0,229.0,32.0,15.0,-161.0,-219.0,-57.0,41.0,-165.0,-250.0,139.0,-191.0,71.0,-418.0,-422.0,-11.0,-110.0,44.0,429.0,-143.0,266.0,-172.0,378.0,84.0,-94.0,145.0,98.0,114.0,125.0,-48.0
8,2015-17,5718,23.0,50.0,158.0,503.0,89.0,-36.0,-57.0,770.0,138.0,-44.0,21.0,413.0,10.0,31.0,22.0,1421.0,-1590.0,-111.0,72.0,-18.0,-1664.0,64.0,-63.0,48.0,208.0,229.0,32.0,15.0,-161.0,-219.0,-57.0,41.0,-165.0,-250.0,139.0,-191.0,71.0,-418.0,-422.0,-11.0,-110.0,44.0,429.0,-143.0,266.0,-172.0,378.0,84.0,-94.0,145.0,98.0,114.0,125.0
8,2015-18,5813,95.0,23.0,50.0,158.0,503.0,89.0,-36.0,-57.0,770.0,138.0,-44.0,21.0,413.0,10.0,31.0,22.0,1421.0,-1590.0,-111.0,72.0,-18.0,-1664.0,64.0,-63.0,48.0,208.0,229.0,32.0,15.0,-161.0,-219.0,-57.0,41.0,-165.0,-250.0,139.0,-191.0,71.0,-418.0,-422.0,-11.0,-110.0,44.0,429.0,-143.0,266.0,-172.0,378.0,84.0,-94.0,145.0,98.0,114.0
8,2015-19,6148,335.0,95.0,23.0,50.0,158.0,503.0,89.0,-36.0,-57.0,770.0,138.0,-44.0,21.0,413.0,10.0,31.0,22.0,1421.0,-1590.0,-111.0,72.0,-18.0,-1664.0,64.0,-63.0,48.0,208.0,229.0,32.0,15.0,-161.0,-219.0,-57.0,41.0,-165.0,-250.0,139.0,-191.0,71.0,-418.0,-422.0,-11.0,-110.0,44.0,429.0,-143.0,266.0,-172.0,378.0,84.0,-94.0,145.0,98.0
8,2015-20,6017,-131.0,335.0,95.0,23.0,50.0,158.0,503.0,89.0,-36.0,-57.0,770.0,138.0,-44.0,21.0,413.0,10.0,31.0,22.0,1421.0,-1590.0,-111.0,72.0,-18.0,-1664.0,64.0,-63.0,48.0,208.0,229.0,32.0,15.0,-161.0,-219.0,-57.0,41.0,-165.0,-250.0,139.0,-191.0,71.0,-418.0,-422.0,-11.0,-110.0,44.0,429.0,-143.0,266.0,-172.0,378.0,84.0,-94.0,145.0
8,2015-21,6075,58.0,-131.0,335.0,95.0,23.0,50.0,158.0,503.0,89.0,-36.0,-57.0,770.0,138.0,-44.0,21.0,413.0,10.0,31.0,22.0,1421.0,-1590.0,-111.0,72.0,-18.0,-1664.0,64.0,-63.0,48.0,208.0,229.0,32.0,15.0,-161.0,-219.0,-57.0,41.0,-165.0,-250.0,139.0,-191.0,71.0,-418.0,-422.0,-11.0,-110.0,44.0,429.0,-143.0,266.0,-172.0,378.0,84.0,-94.0
8,2015-22,6065,-10.0,58.0,-131.0,335.0,95.0,23.0,50.0,158.0,503.0,89.0,-36.0,-57.0,770.0,138.0,-44.0,21.0,413.0,10.0,31.0,22.0,1421.0,-1590.0,-111.0,72.0,-18.0,-1664.0,64.0,-63.0,48.0,208.0,229.0,32.0,15.0,-161.0,-219.0,-57.0,41.0,-165.0,-250.0,139.0,-191.0,71.0,-418.0,-422.0,-11.0,-110.0,44.0,429.0,-143.0,266.0,-172.0,378.0,84.0
8,2015-23,6572,507.0,-10.0,58.0,-131.0,335.0,95.0,23.0,50.0,158.0,503.0,89.0,-36.0,-57.0,770.0,138.0,-44.0,21.0,413.0,10.0,31.0,22.0,1421.0,-1590.0,-111.0,72.0,-18.0,-1664.0,64.0,-63.0,48.0,208.0,229.0,32.0,15.0,-161.0,-219.0,-57.0,41.0,-165.0,-250.0,139.0,-191.0,71.0,-418.0,-422.0,-11.0,-110.0,44.0,429.0,-143.0,266.0,-172.0,378.0
8,2015-24,6529,-43.0,507.0,-10.0,58.0,-131.0,335.0,95.0,23.0,50.0,158.0,503.0,89.0,-36.0,-57.0,770.0,138.0,-44.0,21.0,413.0,10.0,31.0,22.0,1421.0,-1590.0,-111.0,72.0,-18.0,-1664.0,64.0,-63.0,48.0,208.0,229.0,32.0,15.0,-161.0,-219.0,-57.0,41.0,-165.0,-250.0,139.0,-191.0,71.0,-418.0,-422.0,-11.0,-110.0,44.0,429.0,-143.0,266.0,-172.0
8,2015-25,6419,-110.0,-43.0,507.0,-10.0,58.0,-131.0,335.0,95.0,23.0,50.0,158.0,503.0,89.0,-36.0,-57.0,770.0,138.0,-44.0,21.0,413.0,10.0,31.0,22.0,1421.0,-1590.0,-111.0,72.0,-18.0,-1664.0,64.0,-63.0,48.0,208.0,229.0,32.0,15.0,-161.0,-219.0,-57.0,41.0,-165.0,-250.0,139.0,-191.0,71.0,-418.0,-422.0,-11.0,-110.0,44.0,429.0,-143.0,266.0
8,2015-26,6409,-10.0,-110.0,-43.0,507.0,-10.0,58.0,-131.0,335.0,95.0,23.0,50.0,158.0,503.0,89.0,-36.0,-57.0,770.0,138.0,-44.0,21.0,413.0,10.0,31.0,22.0,1421.0,-1590.0,-111.0,72.0,-18.0,-1664.0,64.0,-63.0,48.0,208.0,229.0,32.0,15.0,-161.0,-219.0,-57.0,41.0,-165.0,-250.0,139.0,-191.0,71.0,-418.0,-422.0,-11.0,-110.0,44.0,429.0,-143.0
8,2015-27,6742,333.0,-10.0,-110.0,-43.0,507.0,-10.0,58.0,-131.0,335.0,95.0,23.0,50.0,158.0,503.0,89.0,-36.0,-57.0,770.0,138.0,-44.0,21.0,413.0,10.0,31.0,22.0,1421.0,-1590.0,-111.0,72.0,-18.0,-1664.0,64.0,-63.0,48.0,208.0,229.0,32.0,15.0,-161.0,-219.0,-57.0,41.0,-165.0,-250.0,139.0,-191.0,71.0,-418.0,-422.0,-11.0,-110.0,44.0,429.0
8,2015-28,6835,93.0,333.0,-10.0,-110.0,-43.0,507.0,-10.0,58.0,-131.0,335.0,95.0,23.0,50.0,158.0,503.0,89.0,-36.0,-57.0,770.0,138.0,-44.0,21.0,413.0,10.0,31.0,22.0,1421.0,-1590.0,-111.0,72.0,-18.0,-1664.0,64.0,-63.0,48.0,208.0,229.0,32.0,15.0,-161.0,-219.0,-57.0,41.0,-165.0,-250.0,139.0,-191.0,71.0,-418.0,-422.0,-11.0,-110.0,44.0
8,2015-29,6781,-54.0,93.0,333.0,-10.0,-110.0,-43.0,507.0,-10.0,58.0,-131.0,335.0,95.0,23.0,50.0,158.0,503.0,89.0,-36.0,-57.0,770.0,138.0,-44.0,21.0,413.0,10.0,31.0,22.0,1421.0,-1590.0,-111.0,72.0,-18.0,-1664.0,64.0,-63.0,48.0,208.0,229.0,32.0,15.0,-161.0,-219.0,-57.0,41.0,-165.0,-250.0,139.0,-191.0,71.0,-418.0,-422.0,-11.0,-110.0
8,2015-30,6955,174.0,-54.0,93.0,333.0,-10.0,-110.0,-43.0,507.0,-10.0,58.0,-131.0,335.0,95.0,23.0,50.0,158.0,503.0,89.0,-36.0,-57.0,770.0,138.0,-44.0,21.0,413.0,10.0,31.0,22.0,1421.0,-1590.0,-111.0,72.0,-18.0,-1664.0,64.0,-63.0,48.0,208.0,229.0,32.0,15.0,-161.0,-219.0,-57.0,41.0,-165.0,-250.0,139.0,-191.0,71.0,-418.0,-422.0,-11.0
8,2015-31,6638,-317.0,174.0,-54.0,93.0,333.0,-10.0,-110.0,-43.0,507.0,-10.0,58.0,-131.0,335.0,95.0,23.0,50.0,158.0,503.0,89.0,-36.0,-57.0,770.0,138.0,-44.0,21.0,413.0,10.0,31.0,22.0,1421.0,-1590.0,-111.0,72.0,-18.0,-1664.0,64.0,-63.0,48.0,208.0,229.0,32.0,15.0,-161.0,-219.0,-57.0,41.0,-165.0,-250.0,139.0,-191.0,71.0,-418.0,-422.0
8,2015-32,6062,-576.0,-317.0,174.0,-54.0,93.0,333.0,-10.0,-110.0,-43.0,507.0,-10.0,58.0,-131.0,335.0,95.0,23.0,50.0,158.0,503.0,89.0,-36.0,-57.0,770.0,138.0,-44.0,21.0,413.0,10.0,31.0,22.0,1421.0,-1590.0,-111.0,72.0,-18.0,-1664.0,64.0,-63.0,48.0,208.0,229.0,32.0,15.0,-161.0,-219.0,-57.0,41.0,-165.0,-250.0,139.0,-191.0,71.0,-418.0
8,2015-33,6023,-39.0,-576.0,-317.0,174.0,-54.0,93.0,333.0,-10.0,-110.0,-43.0,507.0,-10.0,58.0,-131.0,335.0,95.0,23.0,50.0,158.0,503.0,89.0,-36.0,-57.0,770.0,138.0,-44.0,21.0,413.0,10.0,31.0,22.0,1421.0,-1590.0,-111.0,72.0,-18.0,-1664.0,64.0,-63.0,48.0,208.0,229.0,32.0,15.0,-161.0,-219.0,-57.0,41.0,-165.0,-250.0,139.0,-191.0,71.0
8,2015-34,6115,92.0,-39.0,-576.0,-317.0,174.0,-54.0,93.0,333.0,-10.0,-110.0,-43.0,507.0,-10.0,58.0,-131.0,335.0,95.0,23.0,50.0,158.0,503.0,89.0,-36.0,-57.0,770.0,138.0,-44.0,21.0,413.0,10.0,31.0,22.0,1421.0,-1590.0,-111.0,72.0,-18.0,-1664.0,64.0,-63.0,48.0,208.0,229.0,32.0,15.0,-161.0,-219.0,-57.0,41.0,-165.0,-250.0,139.0,-191.0
8,2015-35,6001,-114.0,92.0,-39.0,-576.0,-317.0,174.0,-54.0,93.0,333.0,-10.0,-110.0,-43.0,507.0,-10.0,58.0,-131.0,335.0,95.0,23.0,50.0,158.0,503.0,89.0,-36.0,-57.0,770.0,138.0,-44.0,21.0,413.0,10.0,31.0,22.0,1421.0,-1590.0,-111.0,72.0,-18.0,-1664.0,64.0,-63.0,48.0,208.0,229.0,32.0,15.0,-161.0,-219.0,-57.0,41.0,-165.0,-250.0,139.0
8,2015-36,5837,-164.0,-114.0,92.0,-39.0,-576.0,-317.0,174.0,-54.0,93.0,333.0,-10.0,-110.0,-43.0,507.0,-10.0,58.0,-131.0,335.0,95.0,23.0,50.0,158.0,503.0,89.0,-36.0,-57.0,770.0,138.0,-44.0,21.0,413.0,10.0,31.0,22.0,1421.0,-1590.0,-111.0,72.0,-18.0,-1664.0,64.0,-63.0,48.0,208.0,229.0,32.0,15.0,-161.0,-219.0,-57.0,41.0,-165.0,-250.0
8,2015-37,5696,-141.0,-164.0,-114.0,92.0,-39.0,-576.0,-317.0,174.0,-54.0,93.0,333.0,-10.0,-110.0,-43.0,507.0,-10.0,58.0,-131.0,335.0,95.0,23.0,50.0,158.0,503.0,89.0,-36.0,-57.0,770.0,138.0,-44.0,21.0,413.0,10.0,31.0,22.0,1421.0,-1590.0,-111.0,72.0,-18.0,-1664.0,64.0,-63.0,48.0,208.0,229.0,32.0,15.0,-161.0,-219.0,-57.0,41.0,-165.0
8,2015-38,5674,-22.0,-141.0,-164.0,-114.0,92.0,-39.0,-576.0,-317.0,174.0,-54.0,93.0,333.0,-10.0,-110.0,-43.0,507.0,-10.0,58.0,-131.0,335.0,95.0,23.0,50.0,158.0,503.0,89.0,-36.0,-57.0,770.0,138.0,-44.0,21.0,413.0,10.0,31.0,22.0,1421.0,-1590.0,-111.0,72.0,-18.0,-1664.0,64.0,-63.0,48.0,208.0,229.0,32.0,15.0,-161.0,-219.0,-57.0,41.0
8,2015-39,5771,97.0,-22.0,-141.0,-164.0,-114.0,92.0,-39.0,-576.0,-317.0,174.0,-54.0,93.0,333.0,-10.0,-110.0,-43.0,507.0,-10.0,58.0,-131.0,335.0,95.0,23.0,50.0,158.0,503.0,89.0,-36.0,-57.0,770.0,138.0,-44.0,21.0,413.0,10.0,31.0,22.0,1421.0,-1590.0,-111.0,72.0,-18.0,-1664.0,64.0,-63.0,48.0,208.0,229.0,32.0,15.0,-161.0,-219.0,-57.0
8,2015-40,5437,-334.0,97.0,-22.0,-141.0,-164.0,-114.0,92.0,-39.0,-576.0,-317.0,174.0,-54.0,93.0,333.0,-10.0,-110.0,-43.0,507.0,-10.0,58.0,-131.0,335.0,95.0,23.0,50.0,158.0,503.0,89.0,-36.0,-57.0,770.0,138.0,-44.0,21.0,413.0,10.0,31.0,22.0,1421.0,-1590.0,-111.0,72.0,-18.0,-1664.0,64.0,-63.0,48.0,208.0,229.0,32.0,15.0,-161.0,-219.0
8,2015-41,5168,-269.0,-334.0,97.0,-22.0,-141.0,-164.0,-114.0,92.0,-39.0,-576.0,-317.0,174.0,-54.0,93.0,333.0,-10.0,-110.0,-43.0,507.0,-10.0,58.0,-131.0,335.0,95.0,23.0,50.0,158.0,503.0,89.0,-36.0,-57.0,770.0,138.0,-44.0,21.0,413.0,10.0,31.0,22.0,1421.0,-1590.0,-111.0,72.0,-18.0,-1664.0,64.0,-63.0,48.0,208.0,229.0,32.0,15.0,-161.0
8,2015-42,5264,96.0,-269.0,-334.0,97.0,-22.0,-141.0,-164.0,-114.0,92.0,-39.0,-576.0,-317.0,174.0,-54.0,93.0,333.0,-10.0,-110.0,-43.0,507.0,-10.0,58.0,-131.0,335.0,95.0,23.0,50.0,158.0,503.0,89.0,-36.0,-57.0,770.0,138.0,-44.0,21.0,413.0,10.0,31.0,22.0,1421.0,-1590.0,-111.0,72.0,-18.0,-1664.0,64.0,-63.0,48.0,208.0,229.0,32.0,15.0
8,2015-43,5231,-33.0,96.0,-269.0,-334.0,97.0,-22.0,-141.0,-164.0,-114.0,92.0,-39.0,-576.0,-317.0,174.0,-54.0,93.0,333.0,-10.0,-110.0,-43.0,507.0,-10.0,58.0,-131.0,335.0,95.0,23.0,50.0,158.0,503.0,89.0,-36.0,-57.0,770.0,138.0,-44.0,21.0,413.0,10.0,31.0,22.0,1421.0,-1590.0,-111.0,72.0,-18.0,-1664.0,64.0,-63.0,48.0,208.0,229.0,32.0
8,2015-44,5324,93.0,-33.0,96.0,-269.0,-334.0,97.0,-22.0,-141.0,-164.0,-114.0,92.0,-39.0,-576.0,-317.0,174.0,-54.0,93.0,333.0,-10.0,-110.0,-43.0,507.0,-10.0,58.0,-131.0,335.0,95.0,23.0,50.0,158.0,503.0,89.0,-36.0,-57.0,770.0,138.0,-44.0,21.0,413.0,10.0,31.0,22.0,1421.0,-1590.0,-111.0,72.0,-18.0,-1664.0,64.0,-63.0,48.0,208.0,229.0
8,2015-45,5765,441.0,93.0,-33.0,96.0,-269.0,-334.0,97.0,-22.0,-141.0,-164.0,-114.0,92.0,-39.0,-576.0,-317.0,174.0,-54.0,93.0,333.0,-10.0,-110.0,-43.0,507.0,-10.0,58.0,-131.0,335.0,95.0,23.0,50.0,158.0,503.0,89.0,-36.0,-57.0,770.0,138.0,-44.0,21.0,413.0,10.0,31.0,22.0,1421.0,-1590.0,-111.0,72.0,-18.0,-1664.0,64.0,-63.0,48.0,208.0
8,2015-46,5652,-113.0,441.0,93.0,-33.0,96.0,-269.0,-334.0,97.0,-22.0,-141.0,-164.0,-114.0,92.0,-39.0,-576.0,-317.0,174.0,-54.0,93.0,333.0,-10.0,-110.0,-43.0,507.0,-10.0,58.0,-131.0,335.0,95.0,23.0,50.0,158.0,503.0,89.0,-36.0,-57.0,770.0,138.0,-44.0,21.0,413.0,10.0,31.0,22.0,1421.0,-1590.0,-111.0,72.0,-18.0,-1664.0,64.0,-63.0,48.0
8,2015-47,5630,-22.0,-113.0,441.0,93.0,-33.0,96.0,-269.0,-334.0,97.0,-22.0,-141.0,-164.0,-114.0,92.0,-39.0,-576.0,-317.0,174.0,-54.0,93.0,333.0,-10.0,-110.0,-43.0,507.0,-10.0,58.0,-131.0,335.0,95.0,23.0,50.0,158.0,503.0,89.0,-36.0,-57.0,770.0,138.0,-44.0,21.0,413.0,10.0,31.0,22.0,1421.0,-1590.0,-111.0,72.0,-18.0,-1664.0,64.0,-63.0
8,2015-48,5714,84.0,-22.0,-113.0,441.0,93.0,-33.0,96.0,-269.0,-334.0,97.0,-22.0,-141.0,-164.0,-114.0,92.0,-39.0,-576.0,-317.0,174.0,-54.0,93.0,333.0,-10.0,-110.0,-43.0,507.0,-10.0,58.0,-131.0,335.0,95.0,23.0,50.0,158.0,503.0,89.0,-36.0,-57.0,770.0,138.0,-44.0,21.0,413.0,10.0,31.0,22.0,1421.0,-1590.0,-111.0,72.0,-18.0,-1664.0,64.0
8,2015-49,4214,-1500.0,84.0,-22.0,-113.0,441.0,93.0,-33.0,96.0,-269.0,-334.0,97.0,-22.0,-141.0,-164.0,-114.0,92.0,-39.0,-576.0,-317.0,174.0,-54.0,93.0,333.0,-10.0,-110.0,-43.0,507.0,-10.0,58.0,-131.0,335.0,95.0,23.0,50.0,158.0,503.0,89.0,-36.0,-57.0,770.0,138.0,-44.0,21.0,413.0,10.0,31.0,22.0,1421.0,-1590.0,-111.0,72.0,-18.0,-1664.0
8,2015-50,4058,-156.0,-1500.0,84.0,-22.0,-113.0,441.0,93.0,-33.0,96.0,-269.0,-334.0,97.0,-22.0,-141.0,-164.0,-114.0,92.0,-39.0,-576.0,-317.0,174.0,-54.0,93.0,333.0,-10.0,-110.0,-43.0,507.0,-10.0,58.0,-131.0,335.0,95.0,23.0,50.0,158.0,503.0,89.0,-36.0,-57.0,770.0,138.0,-44.0,21.0,413.0,10.0,31.0,22.0,1421.0,-1590.0,-111.0,72.0,-18.0
8,2015-51,4114,56.0,-156.0,-1500.0,84.0,-22.0,-113.0,441.0,93.0,-33.0,96.0,-269.0,-334.0,97.0,-22.0,-141.0,-164.0,-114.0,92.0,-39.0,-576.0,-317.0,174.0,-54.0,93.0,333.0,-10.0,-110.0,-43.0,507.0,-10.0,58.0,-131.0,335.0,95.0,23.0,50.0,158.0,503.0,89.0,-36.0,-57.0,770.0,138.0,-44.0,21.0,413.0,10.0,31.0,22.0,1421.0,-1590.0,-111.0,72.0
8,2015-52,4066,-48.0,56.0,-156.0,-1500.0,84.0,-22.0,-113.0,441.0,93.0,-33.0,96.0,-269.0,-334.0,97.0,-22.0,-141.0,-164.0,-114.0,92.0,-39.0,-576.0,-317.0,174.0,-54.0,93.0,333.0,-10.0,-110.0,-43.0,507.0,-10.0,58.0,-131.0,335.0,95.0,23.0,50.0,158.0,503.0,89.0,-36.0,-57.0,770.0,138.0,-44.0,21.0,413.0,10.0,31.0,22.0,1421.0,-1590.0,-111.0
8,2015-53,2192,-1874.0,-48.0,56.0,-156.0,-1500.0,84.0,-22.0,-113.0,441.0,93.0,-33.0,96.0,-269.0,-334.0,97.0,-22.0,-141.0,-164.0,-114.0,92.0,-39.0,-576.0,-317.0,174.0,-54.0,93.0,333.0,-10.0,-110.0,-43.0,507.0,-10.0,58.0,-131.0,335.0,95.0,23.0,50.0,158.0,503.0,89.0,-36.0,-57.0,770.0,138.0,-44.0,21.0,413.0,10.0,31.0,22.0,1421.0,-1590.0
8,2016-01,3931,1739.0,-1874.0,-48.0,56.0,-156.0,-1500.0,84.0,-22.0,-113.0,441.0,93.0,-33.0,96.0,-269.0,-334.0,97.0,-22.0,-141.0,-164.0,-114.0,92.0,-39.0,-576.0,-317.0,174.0,-54.0,93.0,333.0,-10.0,-110.0,-43.0,507.0,-10.0,58.0,-131.0,335.0,95.0,23.0,50.0,158.0,503.0,89.0,-36.0,-57.0,770.0,138.0,-44.0,21.0,413.0,10.0,31.0,22.0,1421.0
8,2016-02,3944,13.0,1739.0,-1874.0,-48.0,56.0,-156.0,-1500.0,84.0,-22.0,-113.0,441.0,93.0,-33.0,96.0,-269.0,-334.0,97.0,-22.0,-141.0,-164.0,-114.0,92.0,-39.0,-576.0,-317.0,174.0,-54.0,93.0,333.0,-10.0,-110.0,-43.0,507.0,-10.0,58.0,-131.0,335.0,95.0,23.0,50.0,158.0,503.0,89.0,-36.0,-57.0,770.0,138.0,-44.0,21.0,413.0,10.0,31.0,22.0
8,2016-03,3973,29.0,13.0,1739.0,-1874.0,-48.0,56.0,-156.0,-1500.0,84.0,-22.0,-113.0,441.0,93.0,-33.0,96.0,-269.0,-334.0,97.0,-22.0,-141.0,-164.0,-114.0,92.0,-39.0,-576.0,-317.0,174.0,-54.0,93.0,333.0,-10.0,-110.0,-43.0,507.0,-10.0,58.0,-131.0,335.0,95.0,23.0,50.0,158.0,503.0,89.0,-36.0,-57.0,770.0,138.0,-44.0,21.0,413.0,10.0,31.0
8,2016-04,3956,-17.0,29.0,13.0,1739.0,-1874.0,-48.0,56.0,-156.0,-1500.0,84.0,-22.0,-113.0,441.0,93.0,-33.0,96.0,-269.0,-334.0,97.0,-22.0,-141.0,-164.0,-114.0,92.0,-39.0,-576.0,-317.0,174.0,-54.0,93.0,333.0,-10.0,-110.0,-43.0,507.0,-10.0,58.0,-131.0,335.0,95.0,23.0,50.0,158.0,503.0,89.0,-36.0,-57.0,770.0,138.0,-44.0,21.0,413.0,10.0
8,2016-05,4371,415.0,-17.0,29.0,13.0,1739.0,-1874.0,-48.0,56.0,-156.0,-1500.0,84.0,-22.0,-113.0,441.0,93.0,-33.0,96.0,-269.0,-334.0,97.0,-22.0,-141.0,-164.0,-114.0,92.0,-39.0,-576.0,-317.0,174.0,-54.0,93.0,333.0,-10.0,-110.0,-43.0,507.0,-10.0,58.0,-131.0,335.0,95.0,23.0,50.0,158.0,503.0,89.0,-36.0,-57.0,770.0,138.0,-44.0,21.0,413.0
8,2016-06,4394,23.0,415.0,-17.0,29.0,13.0,1739.0,-1874.0,-48.0,56.0,-156.0,-1500.0,84.0,-22.0,-113.0,441.0,93.0,-33.0,96.0,-269.0,-334.0,97.0,-22.0,-141.0,-164.0,-114.0,92.0,-39.0,-576.0,-317.0,174.0,-54.0,93.0,333.0,-10.0,-110.0,-43.0,507.0,-10.0,58.0,-131.0,335.0,95.0,23.0,50.0,158.0,503.0,89.0,-36.0,-57.0,770.0,138.0,-44.0,21.0
8,2016-07,4376,-18.0,23.0,415.0,-17.0,29.0,13.0,1739.0,-1874.0,-48.0,56.0,-156.0,-1500.0,84.0,-22.0,-113.0,441.0,93.0,-33.0,96.0,-269.0,-334.0,97.0,-22.0,-141.0,-164.0,-114.0,92.0,-39.0,-576.0,-317.0,174.0,-54.0,93.0,333.0,-10.0,-110.0,-43.0,507.0,-10.0,58.0,-131.0,335.0,95.0,23.0,50.0,158.0,503.0,89.0,-36.0,-57.0,770.0,138.0,-44.0
8,2016-08,4435,59.0,-18.0,23.0,415.0,-17.0,29.0,13.0,1739.0,-1874.0,-48.0,56.0,-156.0,-1500.0,84.0,-22.0,-113.0,441.0,93.0,-33.0,96.0,-269.0,-334.0,97.0,-22.0,-141.0,-164.0,-114.0,92.0,-39.0,-576.0,-317.0,174.0,-54.0,93.0,333.0,-10.0,-110.0,-43.0,507.0,-10.0,58.0,-131.0,335.0,95.0,23.0,50.0,158.0,503.0,89.0,-36.0,-57.0,770.0,138.0
8,2016-09,5035,600.0,59.0,-18.0,23.0,415.0,-17.0,29.0,13.0,1739.0,-1874.0,-48.0,56.0,-156.0,-1500.0,84.0,-22.0,-113.0,441.0,93.0,-33.0,96.0,-269.0,-334.0,97.0,-22.0,-141.0,-164.0,-114.0,92.0,-39.0,-576.0,-317.0,174.0,-54.0,93.0,333.0,-10.0,-110.0,-43.0,507.0,-10.0,58.0,-131.0,335.0,95.0,23.0,50.0,158.0,503.0,89.0,-36.0,-57.0,770.0
8,2016-10,5258,223.0,600.0,59.0,-18.0,23.0,415.0,-17.0,29.0,13.0,1739.0,-1874.0,-48.0,56.0,-156.0,-1500.0,84.0,-22.0,-113.0,441.0,93.0,-33.0,96.0,-269.0,-334.0,97.0,-22.0,-141.0,-164.0,-114.0,92.0,-39.0,-576.0,-317.0,174.0,-54.0,93.0,333.0,-10.0,-110.0,-43.0,507.0,-10.0,58.0,-131.0,335.0,95.0,23.0,50.0,158.0,503.0,89.0,-36.0,-57.0
8,2016-11,5239,-19.0,223.0,600.0,59.0,-18.0,23.0,415.0,-17.0,29.0,13.0,1739.0,-1874.0,-48.0,56.0,-156.0,-1500.0,84.0,-22.0,-113.0,441.0,93.0,-33.0,96.0,-269.0,-334.0,97.0,-22.0,-141.0,-164.0,-114.0,92.0,-39.0,-576.0,-317.0,174.0,-54.0,93.0,333.0,-10.0,-110.0,-43.0,507.0,-10.0,58.0,-131.0,335.0,95.0,23.0,50.0,158.0,503.0,89.0,-36.0
8,2016-12,5290,51.0,-19.0,223.0,600.0,59.0,-18.0,23.0,415.0,-17.0,29.0,13.0,1739.0,-1874.0,-48.0,56.0,-156.0,-1500.0,84.0,-22.0,-113.0,441.0,93.0,-33.0,96.0,-269.0,-334.0,97.0,-22.0,-141.0,-164.0,-114.0,92.0,-39.0,-576.0,-317.0,174.0,-54.0,93.0,333.0,-10.0,-110.0,-43.0,507.0,-10.0,58.0,-131.0,335.0,95.0,23.0,50.0,158.0,503.0,89.0
8,2016-13,5789,499.0,51.0,-19.0,223.0,600.0,59.0,-18.0,23.0,415.0,-17.0,29.0,13.0,1739.0,-1874.0,-48.0,56.0,-156.0,-1500.0,84.0,-22.0,-113.0,441.0,93.0,-33.0,96.0,-269.0,-334.0,97.0,-22.0,-141.0,-164.0,-114.0,92.0,-39.0,-576.0,-317.0,174.0,-54.0,93.0,333.0,-10.0,-110.0,-43.0,507.0,-10.0,58.0,-131.0,335.0,95.0,23.0,50.0,158.0,503.0
8,2016-14,6157,368.0,499.0,51.0,-19.0,223.0,600.0,59.0,-18.0,23.0,415.0,-17.0,29.0,13.0,1739.0,-1874.0,-48.0,56.0,-156.0,-1500.0,84.0,-22.0,-113.0,441.0,93.0,-33.0,96.0,-269.0,-334.0,97.0,-22.0,-141.0,-164.0,-114.0,92.0,-39.0,-576.0,-317.0,174.0,-54.0,93.0,333.0,-10.0,-110.0,-43.0,507.0,-10.0,58.0,-131.0,335.0,95.0,23.0,50.0,158.0
8,2016-15,6192,35.0,368.0,499.0,51.0,-19.0,223.0,600.0,59.0,-18.0,23.0,415.0,-17.0,29.0,13.0,1739.0,-1874.0,-48.0,56.0,-156.0,-1500.0,84.0,-22.0,-113.0,441.0,93.0,-33.0,96.0,-269.0,-334.0,97.0,-22.0,-141.0,-164.0,-114.0,92.0,-39.0,-576.0,-317.0,174.0,-54.0,93.0,333.0,-10.0,-110.0,-43.0,507.0,-10.0,58.0,-131.0,335.0,95.0,23.0,50.0
8,2016-16,6257,65.0,35.0,368.0,499.0,51.0,-19.0,223.0,600.0,59.0,-18.0,23.0,415.0,-17.0,29.0,13.0,1739.0,-1874.0,-48.0,56.0,-156.0,-1500.0,84.0,-22.0,-113.0,441.0,93.0,-33.0,96.0,-269.0,-334.0,97.0,-22.0,-141.0,-164.0,-114.0,92.0,-39.0,-576.0,-317.0,174.0,-54.0,93.0,333.0,-10.0,-110.0,-43.0,507.0,-10.0,58.0,-131.0,335.0,95.0,23.0
8,2016-17,6138,-119.0,65.0,35.0,368.0,499.0,51.0,-19.0,223.0,600.0,59.0,-18.0,23.0,415.0,-17.0,29.0,13.0,1739.0,-1874.0,-48.0,56.0,-156.0,-1500.0,84.0,-22.0,-113.0,441.0,93.0,-33.0,96.0,-269.0,-334.0,97.0,-22.0,-141.0,-164.0,-114.0,92.0,-39.0,-576.0,-317.0,174.0,-54.0,93.0,333.0,-10.0,-110.0,-43.0,507.0,-10.0,58.0,-131.0,335.0,95.0
8,2016-18,6609,471.0,-119.0,65.0,35.0,368.0,499.0,51.0,-19.0,223.0,600.0,59.0,-18.0,23.0,415.0,-17.0,29.0,13.0,1739.0,-1874.0,-48.0,56.0,-156.0,-1500.0,84.0,-22.0,-113.0,441.0,93.0,-33.0,96.0,-269.0,-334.0,97.0,-22.0,-141.0,-164.0,-114.0,92.0,-39.0,-576.0,-317.0,174.0,-54.0,93.0,333.0,-10.0,-110.0,-43.0,507.0,-10.0,58.0,-131.0,335.0
8,2016-19,6708,99.0,471.0,-119.0,65.0,35.0,368.0,499.0,51.0,-19.0,223.0,600.0,59.0,-18.0,23.0,415.0,-17.0,29.0,13.0,1739.0,-1874.0,-48.0,56.0,-156.0,-1500.0,84.0,-22.0,-113.0,441.0,93.0,-33.0,96.0,-269.0,-334.0,97.0,-22.0,-141.0,-164.0,-114.0,92.0,-39.0,-576.0,-317.0,174.0,-54.0,93.0,333.0,-10.0,-110.0,-43.0,507.0,-10.0,58.0,-131.0
8,2016-20,6632,-76.0,99.0,471.0,-119.0,65.0,35.0,368.0,499.0,51.0,-19.0,223.0,600.0,59.0,-18.0,23.0,415.0,-17.0,29.0,13.0,1739.0,-1874.0,-48.0,56.0,-156.0,-1500.0,84.0,-22.0,-113.0,441.0,93.0,-33.0,96.0,-269.0,-334.0,97.0,-22.0,-141.0,-164.0,-114.0,92.0,-39.0,-576.0,-317.0,174.0,-54.0,93.0,333.0,-10.0,-110.0,-43.0,507.0,-10.0,58.0
8,2016-21,6577,-55.0,-76.0,99.0,471.0,-119.0,65.0,35.0,368.0,499.0,51.0,-19.0,223.0,600.0,59.0,-18.0,23.0,415.0,-17.0,29.0,13.0,1739.0,-1874.0,-48.0,56.0,-156.0,-1500.0,84.0,-22.0,-113.0,441.0,93.0,-33.0,96.0,-269.0,-334.0,97.0,-22.0,-141.0,-164.0,-114.0,92.0,-39.0,-576.0,-317.0,174.0,-54.0,93.0,333.0,-10.0,-110.0,-43.0,507.0,-10.0
8,2016-22,6932,355.0,-55.0,-76.0,99.0,471.0,-119.0,65.0,35.0,368.0,499.0,51.0,-19.0,223.0,600.0,59.0,-18.0,23.0,415.0,-17.0,29.0,13.0,1739.0,-1874.0,-48.0,56.0,-156.0,-1500.0,84.0,-22.0,-113.0,441.0,93.0,-33.0,96.0,-269.0,-334.0,97.0,-22.0,-141.0,-164.0,-114.0,92.0,-39.0,-576.0,-317.0,174.0,-54.0,93.0,333.0,-10.0,-110.0,-43.0,507.0
8,2016-23,7024,92.0,355.0,-55.0,-76.0,99.0,471.0,-119.0,65.0,35.0,368.0,499.0,51.0,-19.0,223.0,600.0,59.0,-18.0,23.0,415.0,-17.0,29.0,13.0,1739.0,-1874.0,-48.0,56.0,-156.0,-1500.0,84.0,-22.0,-113.0,441.0,93.0,-33.0,96.0,-269.0,-334.0,97.0,-22.0,-141.0,-164.0,-114.0,92.0,-39.0,-576.0,-317.0,174.0,-54.0,93.0,333.0,-10.0,-110.0,-43.0
8,2016-24,7038,14.0,92.0,355.0,-55.0,-76.0,99.0,471.0,-119.0,65.0,35.0,368.0,499.0,51.0,-19.0,223.0,600.0,59.0,-18.0,23.0,415.0,-17.0,29.0,13.0,1739.0,-1874.0,-48.0,56.0,-156.0,-1500.0,84.0,-22.0,-113.0,441.0,93.0,-33.0,96.0,-269.0,-334.0,97.0,-22.0,-141.0,-164.0,-114.0,92.0,-39.0,-576.0,-317.0,174.0,-54.0,93.0,333.0,-10.0,-110.0
8,2016-25,7171,133.0,14.0,92.0,355.0,-55.0,-76.0,99.0,471.0,-119.0,65.0,35.0,368.0,499.0,51.0,-19.0,223.0,600.0,59.0,-18.0,23.0,415.0,-17.0,29.0,13.0,1739.0,-1874.0,-48.0,56.0,-156.0,-1500.0,84.0,-22.0,-113.0,441.0,93.0,-33.0,96.0,-269.0,-334.0,97.0,-22.0,-141.0,-164.0,-114.0,92.0,-39.0,-576.0,-317.0,174.0,-54.0,93.0,333.0,-10.0
8,2016-26,7121,-50.0,133.0,14.0,92.0,355.0,-55.0,-76.0,99.0,471.0,-119.0,65.0,35.0,368.0,499.0,51.0,-19.0,223.0,600.0,59.0,-18.0,23.0,415.0,-17.0,29.0,13.0,1739.0,-1874.0,-48.0,56.0,-156.0,-1500.0,84.0,-22.0,-113.0,441.0,93.0,-33.0,96.0,-269.0,-334.0,97.0,-22.0,-141.0,-164.0,-114.0,92.0,-39.0,-576.0,-317.0,174.0,-54.0,93.0,333.0
8,2016-27,7380,259.0,-50.0,133.0,14.0,92.0,355.0,-55.0,-76.0,99.0,471.0,-119.0,65.0,35.0,368.0,499.0,51.0,-19.0,223.0,600.0,59.0,-18.0,23.0,415.0,-17.0,29.0,13.0,1739.0,-1874.0,-48.0,56.0,-156.0,-1500.0,84.0,-22.0,-113.0,441.0,93.0,-33.0,96.0,-269.0,-334.0,97.0,-22.0,-141.0,-164.0,-114.0,92.0,-39.0,-576.0,-317.0,174.0,-54.0,93.0
8,2016-28,7525,145.0,259.0,-50.0,133.0,14.0,92.0,355.0,-55.0,-76.0,99.0,471.0,-119.0,65.0,35.0,368.0,499.0,51.0,-19.0,223.0,600.0,59.0,-18.0,23.0,415.0,-17.0,29.0,13.0,1739.0,-1874.0,-48.0,56.0,-156.0,-1500.0,84.0,-22.0,-113.0,441.0,93.0,-33.0,96.0,-269.0,-334.0,97.0,-22.0,-141.0,-164.0,-114.0,92.0,-39.0,-576.0,-317.0,174.0,-54.0
8,2016-29,7569,44.0,145.0,259.0,-50.0,133.0,14.0,92.0,355.0,-55.0,-76.0,99.0,471.0,-119.0,65.0,35.0,368.0,499.0,51.0,-19.0,223.0,600.0,59.0,-18.0,23.0,415.0,-17.0,29.0,13.0,1739.0,-1874.0,-48.0,56.0,-156.0,-1500.0,84.0,-22.0,-113.0,441.0,93.0,-33.0,96.0,-269.0,-334.0,97.0,-22.0,-141.0,-164.0,-114.0,92.0,-39.0,-576.0,-317.0,174.0
8,2016-30,7564,-5.0,44.0,145.0,259.0,-50.0,133.0,14.0,92.0,355.0,-55.0,-76.0,99.0,471.0,-119.0,65.0,35.0,368.0,499.0,51.0,-19.0,223.0,600.0,59.0,-18.0,23.0,415.0,-17.0,29.0,13.0,1739.0,-1874.0,-48.0,56.0,-156.0,-1500.0,84.0,-22.0,-113.0,441.0,93.0,-33.0,96.0,-269.0,-334.0,97.0,-22.0,-141.0,-164.0,-114.0,92.0,-39.0,-576.0,-317.0
8,2016-31,6674,-890.0,-5.0,44.0,145.0,259.0,-50.0,133.0,14.0,92.0,355.0,-55.0,-76.0,99.0,471.0,-119.0,65.0,35.0,368.0,499.0,51.0,-19.0,223.0,600.0,59.0,-18.0,23.0,415.0,-17.0,29.0,13.0,1739.0,-1874.0,-48.0,56.0,-156.0,-1500.0,84.0,-22.0,-113.0,441.0,93.0,-33.0,96.0,-269.0,-334.0,97.0,-22.0,-141.0,-164.0,-114.0,92.0,-39.0,-576.0
8,2016-32,6572,-102.0,-890.0,-5.0,44.0,145.0,259.0,-50.0,133.0,14.0,92.0,355.0,-55.0,-76.0,99.0,471.0,-119.0,65.0,35.0,368.0,499.0,51.0,-19.0,223.0,600.0,59.0,-18.0,23.0,415.0,-17.0,29.0,13.0,1739.0,-1874.0,-48.0,56.0,-156.0,-1500.0,84.0,-22.0,-113.0,441.0,93.0,-33.0,96.0,-269.0,-334.0,97.0,-22.0,-141.0,-164.0,-114.0,92.0,-39.0
8,2016-33,6418,-154.0,-102.0,-890.0,-5.0,44.0,145.0,259.0,-50.0,133.0,14.0,92.0,355.0,-55.0,-76.0,99.0,471.0,-119.0,65.0,35.0,368.0,499.0,51.0,-19.0,223.0,600.0,59.0,-18.0,23.0,415.0,-17.0,29.0,13.0,1739.0,-1874.0,-48.0,56.0,-156.0,-1500.0,84.0,-22.0,-113.0,441.0,93.0,-33.0,96.0,-269.0,-334.0,97.0,-22.0,-141.0,-164.0,-114.0,92.0
8,2016-34,6476,58.0,-154.0,-102.0,-890.0,-5.0,44.0,145.0,259.0,-50.0,133.0,14.0,92.0,355.0,-55.0,-76.0,99.0,471.0,-119.0,65.0,35.0,368.0,499.0,51.0,-19.0,223.0,600.0,59.0,-18.0,23.0,415.0,-17.0,29.0,13.0,1739.0,-1874.0,-48.0,56.0,-156.0,-1500.0,84.0,-22.0,-113.0,441.0,93.0,-33.0,96.0,-269.0,-334.0,97.0,-22.0,-141.0,-164.0,-114.0
8,2016-35,6327,-149.0,58.0,-154.0,-102.0,-890.0,-5.0,44.0,145.0,259.0,-50.0,133.0,14.0,92.0,355.0,-55.0,-76.0,99.0,471.0,-119.0,65.0,35.0,368.0,499.0,51.0,-19.0,223.0,600.0,59.0,-18.0,23.0,415.0,-17.0,29.0,13.0,1739.0,-1874.0,-48.0,56.0,-156.0,-1500.0,84.0,-22.0,-113.0,441.0,93.0,-33.0,96.0,-269.0,-334.0,97.0,-22.0,-141.0,-164.0
8,2016-36,6036,-291.0,-149.0,58.0,-154.0,-102.0,-890.0,-5.0,44.0,145.0,259.0,-50.0,133.0,14.0,92.0,355.0,-55.0,-76.0,99.0,471.0,-119.0,65.0,35.0,368.0,499.0,51.0,-19.0,223.0,600.0,59.0,-18.0,23.0,415.0,-17.0,29.0,13.0,1739.0,-1874.0,-48.0,56.0,-156.0,-1500.0,84.0,-22.0,-113.0,441.0,93.0,-33.0,96.0,-269.0,-334.0,97.0,-22.0,-141.0
8,2016-37,6226,190.0,-291.0,-149.0,58.0,-154.0,-102.0,-890.0,-5.0,44.0,145.0,259.0,-50.0,133.0,14.0,92.0,355.0,-55.0,-76.0,99.0,471.0,-119.0,65.0,35.0,368.0,499.0,51.0,-19.0,223.0,600.0,59.0,-18.0,23.0,415.0,-17.0,29.0,13.0,1739.0,-1874.0,-48.0,56.0,-156.0,-1500.0,84.0,-22.0,-113.0,441.0,93.0,-33.0,96.0,-269.0,-334.0,97.0,-22.0
8,2016-38,6001,-225.0,190.0,-291.0,-149.0,58.0,-154.0,-102.0,-890.0,-5.0,44.0,145.0,259.0,-50.0,133.0,14.0,92.0,355.0,-55.0,-76.0,99.0,471.0,-119.0,65.0,35.0,368.0,499.0,51.0,-19.0,223.0,600.0,59.0,-18.0,23.0,415.0,-17.0,29.0,13.0,1739.0,-1874.0,-48.0,56.0,-156.0,-1500.0,84.0,-22.0,-113.0,441.0,93.0,-33.0,96.0,-269.0,-334.0,97.0
8,2016-39,6079,78.0,-225.0,190.0,-291.0,-149.0,58.0,-154.0,-102.0,-890.0,-5.0,44.0,145.0,259.0,-50.0,133.0,14.0,92.0,355.0,-55.0,-76.0,99.0,471.0,-119.0,65.0,35.0,368.0,499.0,51.0,-19.0,223.0,600.0,59.0,-18.0,23.0,415.0,-17.0,29.0,13.0,1739.0,-1874.0,-48.0,56.0,-156.0,-1500.0,84.0,-22.0,-113.0,441.0,93.0,-33.0,96.0,-269.0,-334.0
8,2016-40,5779,-300.0,78.0,-225.0,190.0,-291.0,-149.0,58.0,-154.0,-102.0,-890.0,-5.0,44.0,145.0,259.0,-50.0,133.0,14.0,92.0,355.0,-55.0,-76.0,99.0,471.0,-119.0,65.0,35.0,368.0,499.0,51.0,-19.0,223.0,600.0,59.0,-18.0,23.0,415.0,-17.0,29.0,13.0,1739.0,-1874.0,-48.0,56.0,-156.0,-1500.0,84.0,-22.0,-113.0,441.0,93.0,-33.0,96.0,-269.0
8,2016-41,5763,-16.0,-300.0,78.0,-225.0,190.0,-291.0,-149.0,58.0,-154.0,-102.0,-890.0,-5.0,44.0,145.0,259.0,-50.0,133.0,14.0,92.0,355.0,-55.0,-76.0,99.0,471.0,-119.0,65.0,35.0,368.0,499.0,51.0,-19.0,223.0,600.0,59.0,-18.0,23.0,415.0,-17.0,29.0,13.0,1739.0,-1874.0,-48.0,56.0,-156.0,-1500.0,84.0,-22.0,-113.0,441.0,93.0,-33.0,96.0
8,2016-42,5791,28.0,-16.0,-300.0,78.0,-225.0,190.0,-291.0,-149.0,58.0,-154.0,-102.0,-890.0,-5.0,44.0,145.0,259.0,-50.0,133.0,14.0,92.0,355.0,-55.0,-76.0,99.0,471.0,-119.0,65.0,35.0,368.0,499.0,51.0,-19.0,223.0,600.0,59.0,-18.0,23.0,415.0,-17.0,29.0,13.0,1739.0,-1874.0,-48.0,56.0,-156.0,-1500.0,84.0,-22.0,-113.0,441.0,93.0,-33.0
8,2016-43,5778,-13.0,28.0,-16.0,-300.0,78.0,-225.0,190.0,-291.0,-149.0,58.0,-154.0,-102.0,-890.0,-5.0,44.0,145.0,259.0,-50.0,133.0,14.0,92.0,355.0,-55.0,-76.0,99.0,471.0,-119.0,65.0,35.0,368.0,499.0,51.0,-19.0,223.0,600.0,59.0,-18.0,23.0,415.0,-17.0,29.0,13.0,1739.0,-1874.0,-48.0,56.0,-156.0,-1500.0,84.0,-22.0,-113.0,441.0,93.0
8,2016-44,6173,395.0,-13.0,28.0,-16.0,-300.0,78.0,-225.0,190.0,-291.0,-149.0,58.0,-154.0,-102.0,-890.0,-5.0,44.0,145.0,259.0,-50.0,133.0,14.0,92.0,355.0,-55.0,-76.0,99.0,471.0,-119.0,65.0,35.0,368.0,499.0,51.0,-19.0,223.0,600.0,59.0,-18.0,23.0,415.0,-17.0,29.0,13.0,1739.0,-1874.0,-48.0,56.0,-156.0,-1500.0,84.0,-22.0,-113.0,441.0
8,2016-45,6155,-18.0,395.0,-13.0,28.0,-16.0,-300.0,78.0,-225.0,190.0,-291.0,-149.0,58.0,-154.0,-102.0,-890.0,-5.0,44.0,145.0,259.0,-50.0,133.0,14.0,92.0,355.0,-55.0,-76.0,99.0,471.0,-119.0,65.0,35.0,368.0,499.0,51.0,-19.0,223.0,600.0,59.0,-18.0,23.0,415.0,-17.0,29.0,13.0,1739.0,-1874.0,-48.0,56.0,-156.0,-1500.0,84.0,-22.0,-113.0
8,2016-46,6096,-59.0,-18.0,395.0,-13.0,28.0,-16.0,-300.0,78.0,-225.0,190.0,-291.0,-149.0,58.0,-154.0,-102.0,-890.0,-5.0,44.0,145.0,259.0,-50.0,133.0,14.0,92.0,355.0,-55.0,-76.0,99.0,471.0,-119.0,65.0,35.0,368.0,499.0,51.0,-19.0,223.0,600.0,59.0,-18.0,23.0,415.0,-17.0,29.0,13.0,1739.0,-1874.0,-48.0,56.0,-156.0,-1500.0,84.0,-22.0
8,2016-47,6098,2.0,-59.0,-18.0,395.0,-13.0,28.0,-16.0,-300.0,78.0,-225.0,190.0,-291.0,-149.0,58.0,-154.0,-102.0,-890.0,-5.0,44.0,145.0,259.0,-50.0,133.0,14.0,92.0,355.0,-55.0,-76.0,99.0,471.0,-119.0,65.0,35.0,368.0,499.0,51.0,-19.0,223.0,600.0,59.0,-18.0,23.0,415.0,-17.0,29.0,13.0,1739.0,-1874.0,-48.0,56.0,-156.0,-1500.0,84.0
8,2016-48,4991,-1107.0,2.0,-59.0,-18.0,395.0,-13.0,28.0,-16.0,-300.0,78.0,-225.0,190.0,-291.0,-149.0,58.0,-154.0,-102.0,-890.0,-5.0,44.0,145.0,259.0,-50.0,133.0,14.0,92.0,355.0,-55.0,-76.0,99.0,471.0,-119.0,65.0,35.0,368.0,499.0,51.0,-19.0,223.0,600.0,59.0,-18.0,23.0,415.0,-17.0,29.0,13.0,1739.0,-1874.0,-48.0,56.0,-156.0,-1500.0
8,2016-49,4453,-538.0,-1107.0,2.0,-59.0,-18.0,395.0,-13.0,28.0,-16.0,-300.0,78.0,-225.0,190.0,-291.0,-149.0,58.0,-154.0,-102.0,-890.0,-5.0,44.0,145.0,259.0,-50.0,133.0,14.0,92.0,355.0,-55.0,-76.0,99.0,471.0,-119.0,65.0,35.0,368.0,499.0,51.0,-19.0,223.0,600.0,59.0,-18.0,23.0,415.0,-17.0,29.0,13.0,1739.0,-1874.0,-48.0,56.0,-156.0
8,2016-50,4470,17.0,-538.0,-1107.0,2.0,-59.0,-18.0,395.0,-13.0,28.0,-16.0,-300.0,78.0,-225.0,190.0,-291.0,-149.0,58.0,-154.0,-102.0,-890.0,-5.0,44.0,145.0,259.0,-50.0,133.0,14.0,92.0,355.0,-55.0,-76.0,99.0,471.0,-119.0,65.0,35.0,368.0,499.0,51.0,-19.0,223.0,600.0,59.0,-18.0,23.0,415.0,-17.0,29.0,13.0,1739.0,-1874.0,-48.0,56.0
8,2016-51,4330,-140.0,17.0,-538.0,-1107.0,2.0,-59.0,-18.0,395.0,-13.0,28.0,-16.0,-300.0,78.0,-225.0,190.0,-291.0,-149.0,58.0,-154.0,-102.0,-890.0,-5.0,44.0,145.0,259.0,-50.0,133.0,14.0,92.0,355.0,-55.0,-76.0,99.0,471.0,-119.0,65.0,35.0,368.0,499.0,51.0,-19.0,223.0,600.0,59.0,-18.0,23.0,415.0,-17.0,29.0,13.0,1739.0,-1874.0,-48.0
8,2016-52,3592,-738.0,-140.0,17.0,-538.0,-1107.0,2.0,-59.0,-18.0,395.0,-13.0,28.0,-16.0,-300.0,78.0,-225.0,190.0,-291.0,-149.0,58.0,-154.0,-102.0,-890.0,-5.0,44.0,145.0,259.0,-50.0,133.0,14.0,92.0,355.0,-55.0,-76.0,99.0,471.0,-119.0,65.0,35.0,368.0,499.0,51.0,-19.0,223.0,600.0,59.0,-18.0,23.0,415.0,-17.0,29.0,13.0,1739.0,-1874.0
8,2016-53,1871,-1721.0,-738.0,-140.0,17.0,-538.0,-1107.0,2.0,-59.0,-18.0,395.0,-13.0,28.0,-16.0,-300.0,78.0,-225.0,190.0,-291.0,-149.0,58.0,-154.0,-102.0,-890.0,-5.0,44.0,145.0,259.0,-50.0,133.0,14.0,92.0,355.0,-55.0,-76.0,99.0,471.0,-119.0,65.0,35.0,368.0,499.0,51.0,-19.0,223.0,600.0,59.0,-18.0,23.0,415.0,-17.0,29.0,13.0,1739.0
8,2017-01,4138,2267.0,-1721.0,-738.0,-140.0,17.0,-538.0,-1107.0,2.0,-59.0,-18.0,395.0,-13.0,28.0,-16.0,-300.0,78.0,-225.0,190.0,-291.0,-149.0,58.0,-154.0,-102.0,-890.0,-5.0,44.0,145.0,259.0,-50.0,133.0,14.0,92.0,355.0,-55.0,-76.0,99.0,471.0,-119.0,65.0,35.0,368.0,499.0,51.0,-19.0,223.0,600.0,59.0,-18.0,23.0,415.0,-17.0,29.0,13.0
8,2017-02,4054,-84.0,2267.0,-1721.0,-738.0,-140.0,17.0,-538.0,-1107.0,2.0,-59.0,-18.0,395.0,-13.0,28.0,-16.0,-300.0,78.0,-225.0,190.0,-291.0,-149.0,58.0,-154.0,-102.0,-890.0,-5.0,44.0,145.0,259.0,-50.0,133.0,14.0,92.0,355.0,-55.0,-76.0,99.0,471.0,-119.0,65.0,35.0,368.0,499.0,51.0,-19.0,223.0,600.0,59.0,-18.0,23.0,415.0,-17.0,29.0
8,2017-03,4078,24.0,-84.0,2267.0,-1721.0,-738.0,-140.0,17.0,-538.0,-1107.0,2.0,-59.0,-18.0,395.0,-13.0,28.0,-16.0,-300.0,78.0,-225.0,190.0,-291.0,-149.0,58.0,-154.0,-102.0,-890.0,-5.0,44.0,145.0,259.0,-50.0,133.0,14.0,92.0,355.0,-55.0,-76.0,99.0,471.0,-119.0,65.0,35.0,368.0,499.0,51.0,-19.0,223.0,600.0,59.0,-18.0,23.0,415.0,-17.0
8,2017-04,4130,52.0,24.0,-84.0,2267.0,-1721.0,-738.0,-140.0,17.0,-538.0,-1107.0,2.0,-59.0,-18.0,395.0,-13.0,28.0,-16.0,-300.0,78.0,-225.0,190.0,-291.0,-149.0,58.0,-154.0,-102.0,-890.0,-5.0,44.0,145.0,259.0,-50.0,133.0,14.0,92.0,355.0,-55.0,-76.0,99.0,471.0,-119.0,65.0,35.0,368.0,499.0,51.0,-19.0,223.0,600.0,59.0,-18.0,23.0,415.0
8,2017-05,4459,329.0,52.0,24.0,-84.0,2267.0,-1721.0,-738.0,-140.0,17.0,-538.0,-1107.0,2.0,-59.0,-18.0,395.0,-13.0,28.0,-16.0,-300.0,78.0,-225.0,190.0,-291.0,-149.0,58.0,-154.0,-102.0,-890.0,-5.0,44.0,145.0,259.0,-50.0,133.0,14.0,92.0,355.0,-55.0,-76.0,99.0,471.0,-119.0,65.0,35.0,368.0,499.0,51.0,-19.0,223.0,600.0,59.0,-18.0,23.0
8,2017-06,4463,4.0,329.0,52.0,24.0,-84.0,2267.0,-1721.0,-738.0,-140.0,17.0,-538.0,-1107.0,2.0,-59.0,-18.0,395.0,-13.0,28.0,-16.0,-300.0,78.0,-225.0,190.0,-291.0,-149.0,58.0,-154.0,-102.0,-890.0,-5.0,44.0,145.0,259.0,-50.0,133.0,14.0,92.0,355.0,-55.0,-76.0,99.0,471.0,-119.0,65.0,35.0,368.0,499.0,51.0,-19.0,223.0,600.0,59.0,-18.0
8,2017-07,4441,-22.0,4.0,329.0,52.0,24.0,-84.0,2267.0,-1721.0,-738.0,-140.0,17.0,-538.0,-1107.0,2.0,-59.0,-18.0,395.0,-13.0,28.0,-16.0,-300.0,78.0,-225.0,190.0,-291.0,-149.0,58.0,-154.0,-102.0,-890.0,-5.0,44.0,145.0,259.0,-50.0,133.0,14.0,92.0,355.0,-55.0,-76.0,99.0,471.0,-119.0,65.0,35.0,368.0,499.0,51.0,-19.0,223.0,600.0,59.0
8,2017-08,4680,239.0,-22.0,4.0,329.0,52.0,24.0,-84.0,2267.0,-1721.0,-738.0,-140.0,17.0,-538.0,-1107.0,2.0,-59.0,-18.0,395.0,-13.0,28.0,-16.0,-300.0,78.0,-225.0,190.0,-291.0,-149.0,58.0,-154.0,-102.0,-890.0,-5.0,44.0,145.0,259.0,-50.0,133.0,14.0,92.0,355.0,-55.0,-76.0,99.0,471.0,-119.0,65.0,35.0,368.0,499.0,51.0,-19.0,223.0,600.0
8,2017-09,5313,633.0,239.0,-22.0,4.0,329.0,52.0,24.0,-84.0,2267.0,-1721.0,-738.0,-140.0,17.0,-538.0,-1107.0,2.0,-59.0,-18.0,395.0,-13.0,28.0,-16.0,-300.0,78.0,-225.0,190.0,-291.0,-149.0,58.0,-154.0,-102.0,-890.0,-5.0,44.0,145.0,259.0,-50.0,133.0,14.0,92.0,355.0,-55.0,-76.0,99.0,471.0,-119.0,65.0,35.0,368.0,499.0,51.0,-19.0,223.0
8,2017-10,5528,215.0,633.0,239.0,-22.0,4.0,329.0,52.0,24.0,-84.0,2267.0,-1721.0,-738.0,-140.0,17.0,-538.0,-1107.0,2.0,-59.0,-18.0,395.0,-13.0,28.0,-16.0,-300.0,78.0,-225.0,190.0,-291.0,-149.0,58.0,-154.0,-102.0,-890.0,-5.0,44.0,145.0,259.0,-50.0,133.0,14.0,92.0,355.0,-55.0,-76.0,99.0,471.0,-119.0,65.0,35.0,368.0,499.0,51.0,-19.0
8,2017-11,5407,-121.0,215.0,633.0,239.0,-22.0,4.0,329.0,52.0,24.0,-84.0,2267.0,-1721.0,-738.0,-140.0,17.0,-538.0,-1107.0,2.0,-59.0,-18.0,395.0,-13.0,28.0,-16.0,-300.0,78.0,-225.0,190.0,-291.0,-149.0,58.0,-154.0,-102.0,-890.0,-5.0,44.0,145.0,259.0,-50.0,133.0,14.0,92.0,355.0,-55.0,-76.0,99.0,471.0,-119.0,65.0,35.0,368.0,499.0,51.0
8,2017-12,5473,66.0,-121.0,215.0,633.0,239.0,-22.0,4.0,329.0,52.0,24.0,-84.0,2267.0,-1721.0,-738.0,-140.0,17.0,-538.0,-1107.0,2.0,-59.0,-18.0,395.0,-13.0,28.0,-16.0,-300.0,78.0,-225.0,190.0,-291.0,-149.0,58.0,-154.0,-102.0,-890.0,-5.0,44.0,145.0,259.0,-50.0,133.0,14.0,92.0,355.0,-55.0,-76.0,99.0,471.0,-119.0,65.0,35.0,368.0,499.0
8,2017-13,5845,372.0,66.0,-121.0,215.0,633.0,239.0,-22.0,4.0,329.0,52.0,24.0,-84.0,2267.0,-1721.0,-738.0,-140.0,17.0,-538.0,-1107.0,2.0,-59.0,-18.0,395.0,-13.0,28.0,-16.0,-300.0,78.0,-225.0,190.0,-291.0,-149.0,58.0,-154.0,-102.0,-890.0,-5.0,44.0,145.0,259.0,-50.0,133.0,14.0,92.0,355.0,-55.0,-76.0,99.0,471.0,-119.0,65.0,35.0,368.0
8,2017-14,6418,573.0,372.0,66.0,-121.0,215.0,633.0,239.0,-22.0,4.0,329.0,52.0,24.0,-84.0,2267.0,-1721.0,-738.0,-140.0,17.0,-538.0,-1107.0,2.0,-59.0,-18.0,395.0,-13.0,28.0,-16.0,-300.0,78.0,-225.0,190.0,-291.0,-149.0,58.0,-154.0,-102.0,-890.0,-5.0,44.0,145.0,259.0,-50.0,133.0,14.0,92.0,355.0,-55.0,-76.0,99.0,471.0,-119.0,65.0,35.0
8,2017-15,6416,-2.0,573.0,372.0,66.0,-121.0,215.0,633.0,239.0,-22.0,4.0,329.0,52.0,24.0,-84.0,2267.0,-1721.0,-738.0,-140.0,17.0,-538.0,-1107.0,2.0,-59.0,-18.0,395.0,-13.0,28.0,-16.0,-300.0,78.0,-225.0,190.0,-291.0,-149.0,58.0,-154.0,-102.0,-890.0,-5.0,44.0,145.0,259.0,-50.0,133.0,14.0,92.0,355.0,-55.0,-76.0,99.0,471.0,-119.0,65.0
8,2017-16,6409,-7.0,-2.0,573.0,372.0,66.0,-121.0,215.0,633.0,239.0,-22.0,4.0,329.0,52.0,24.0,-84.0,2267.0,-1721.0,-738.0,-140.0,17.0,-538.0,-1107.0,2.0,-59.0,-18.0,395.0,-13.0,28.0,-16.0,-300.0,78.0,-225.0,190.0,-291.0,-149.0,58.0,-154.0,-102.0,-890.0,-5.0,44.0,145.0,259.0,-50.0,133.0,14.0,92.0,355.0,-55.0,-76.0,99.0,471.0,-119.0
8,2017-17,6396,-13.0,-7.0,-2.0,573.0,372.0,66.0,-121.0,215.0,633.0,239.0,-22.0,4.0,329.0,52.0,24.0,-84.0,2267.0,-1721.0,-738.0,-140.0,17.0,-538.0,-1107.0,2.0,-59.0,-18.0,395.0,-13.0,28.0,-16.0,-300.0,78.0,-225.0,190.0,-291.0,-149.0,58.0,-154.0,-102.0,-890.0,-5.0,44.0,145.0,259.0,-50.0,133.0,14.0,92.0,355.0,-55.0,-76.0,99.0,471.0
8,2017-18,6799,403.0,-13.0,-7.0,-2.0,573.0,372.0,66.0,-121.0,215.0,633.0,239.0,-22.0,4.0,329.0,52.0,24.0,-84.0,2267.0,-1721.0,-738.0,-140.0,17.0,-538.0,-1107.0,2.0,-59.0,-18.0,395.0,-13.0,28.0,-16.0,-300.0,78.0,-225.0,190.0,-291.0,-149.0,58.0,-154.0,-102.0,-890.0,-5.0,44.0,145.0,259.0,-50.0,133.0,14.0,92.0,355.0,-55.0,-76.0,99.0
8,2017-19,6897,98.0,403.0,-13.0,-7.0,-2.0,573.0,372.0,66.0,-121.0,215.0,633.0,239.0,-22.0,4.0,329.0,52.0,24.0,-84.0,2267.0,-1721.0,-738.0,-140.0,17.0,-538.0,-1107.0,2.0,-59.0,-18.0,395.0,-13.0,28.0,-16.0,-300.0,78.0,-225.0,190.0,-291.0,-149.0,58.0,-154.0,-102.0,-890.0,-5.0,44.0,145.0,259.0,-50.0,133.0,14.0,92.0,355.0,-55.0,-76.0
8,2017-20,6818,-79.0,98.0,403.0,-13.0,-7.0,-2.0,573.0,372.0,66.0,-121.0,215.0,633.0,239.0,-22.0,4.0,329.0,52.0,24.0,-84.0,2267.0,-1721.0,-738.0,-140.0,17.0,-538.0,-1107.0,2.0,-59.0,-18.0,395.0,-13.0,28.0,-16.0,-300.0,78.0,-225.0,190.0,-291.0,-149.0,58.0,-154.0,-102.0,-890.0,-5.0,44.0,145.0,259.0,-50.0,133.0,14.0,92.0,355.0,-55.0
8,2017-21,6837,19.0,-79.0,98.0,403.0,-13.0,-7.0,-2.0,573.0,372.0,66.0,-121.0,215.0,633.0,239.0,-22.0,4.0,329.0,52.0,24.0,-84.0,2267.0,-1721.0,-738.0,-140.0,17.0,-538.0,-1107.0,2.0,-59.0,-18.0,395.0,-13.0,28.0,-16.0,-300.0,78.0,-225.0,190.0,-291.0,-149.0,58.0,-154.0,-102.0,-890.0,-5.0,44.0,145.0,259.0,-50.0,133.0,14.0,92.0,355.0
8,2017-22,7224,387.0,19.0,-79.0,98.0,403.0,-13.0,-7.0,-2.0,573.0,372.0,66.0,-121.0,215.0,633.0,239.0,-22.0,4.0,329.0,52.0,24.0,-84.0,2267.0,-1721.0,-738.0,-140.0,17.0,-538.0,-1107.0,2.0,-59.0,-18.0,395.0,-13.0,28.0,-16.0,-300.0,78.0,-225.0,190.0,-291.0,-149.0,58.0,-154.0,-102.0,-890.0,-5.0,44.0,145.0,259.0,-50.0,133.0,14.0,92.0
8,2017-23,7342,118.0,387.0,19.0,-79.0,98.0,403.0,-13.0,-7.0,-2.0,573.0,372.0,66.0,-121.0,215.0,633.0,239.0,-22.0,4.0,329.0,52.0,24.0,-84.0,2267.0,-1721.0,-738.0,-140.0,17.0,-538.0,-1107.0,2.0,-59.0,-18.0,395.0,-13.0,28.0,-16.0,-300.0,78.0,-225.0,190.0,-291.0,-149.0,58.0,-154.0,-102.0,-890.0,-5.0,44.0,145.0,259.0,-50.0,133.0,14.0
8,2017-24,7338,-4.0,118.0,387.0,19.0,-79.0,98.0,403.0,-13.0,-7.0,-2.0,573.0,372.0,66.0,-121.0,215.0,633.0,239.0,-22.0,4.0,329.0,52.0,24.0,-84.0,2267.0,-1721.0,-738.0,-140.0,17.0,-538.0,-1107.0,2.0,-59.0,-18.0,395.0,-13.0,28.0,-16.0,-300.0,78.0,-225.0,190.0,-291.0,-149.0,58.0,-154.0,-102.0,-890.0,-5.0,44.0,145.0,259.0,-50.0,133.0
8,2017-25,7336,-2.0,-4.0,118.0,387.0,19.0,-79.0,98.0,403.0,-13.0,-7.0,-2.0,573.0,372.0,66.0,-121.0,215.0,633.0,239.0,-22.0,4.0,329.0,52.0,24.0,-84.0,2267.0,-1721.0,-738.0,-140.0,17.0,-538.0,-1107.0,2.0,-59.0,-18.0,395.0,-13.0,28.0,-16.0,-300.0,78.0,-225.0,190.0,-291.0,-149.0,58.0,-154.0,-102.0,-890.0,-5.0,44.0,145.0,259.0,-50.0
8,2017-26,7538,202.0,-2.0,-4.0,118.0,387.0,19.0,-79.0,98.0,403.0,-13.0,-7.0,-2.0,573.0,372.0,66.0,-121.0,215.0,633.0,239.0,-22.0,4.0,329.0,52.0,24.0,-84.0,2267.0,-1721.0,-738.0,-140.0,17.0,-538.0,-1107.0,2.0,-59.0,-18.0,395.0,-13.0,28.0,-16.0,-300.0,78.0,-225.0,190.0,-291.0,-149.0,58.0,-154.0,-102.0,-890.0,-5.0,44.0,145.0,259.0
8,2017-27,7646,108.0,202.0,-2.0,-4.0,118.0,387.0,19.0,-79.0,98.0,403.0,-13.0,-7.0,-2.0,573.0,372.0,66.0,-121.0,215.0,633.0,239.0,-22.0,4.0,329.0,52.0,24.0,-84.0,2267.0,-1721.0,-738.0,-140.0,17.0,-538.0,-1107.0,2.0,-59.0,-18.0,395.0,-13.0,28.0,-16.0,-300.0,78.0,-225.0,190.0,-291.0,-149.0,58.0,-154.0,-102.0,-890.0,-5.0,44.0,145.0
8,2017-28,7755,109.0,108.0,202.0,-2.0,-4.0,118.0,387.0,19.0,-79.0,98.0,403.0,-13.0,-7.0,-2.0,573.0,372.0,66.0,-121.0,215.0,633.0,239.0,-22.0,4.0,329.0,52.0,24.0,-84.0,2267.0,-1721.0,-738.0,-140.0,17.0,-538.0,-1107.0,2.0,-59.0,-18.0,395.0,-13.0,28.0,-16.0,-300.0,78.0,-225.0,190.0,-291.0,-149.0,58.0,-154.0,-102.0,-890.0,-5.0,44.0
8,2017-29,7844,89.0,109.0,108.0,202.0,-2.0,-4.0,118.0,387.0,19.0,-79.0,98.0,403.0,-13.0,-7.0,-2.0,573.0,372.0,66.0,-121.0,215.0,633.0,239.0,-22.0,4.0,329.0,52.0,24.0,-84.0,2267.0,-1721.0,-738.0,-140.0,17.0,-538.0,-1107.0,2.0,-59.0,-18.0,395.0,-13.0,28.0,-16.0,-300.0,78.0,-225.0,190.0,-291.0,-149.0,58.0,-154.0,-102.0,-890.0,-5.0
8,2017-30,7815,-29.0,89.0,109.0,108.0,202.0,-2.0,-4.0,118.0,387.0,19.0,-79.0,98.0,403.0,-13.0,-7.0,-2.0,573.0,372.0,66.0,-121.0,215.0,633.0,239.0,-22.0,4.0,329.0,52.0,24.0,-84.0,2267.0,-1721.0,-738.0,-140.0,17.0,-538.0,-1107.0,2.0,-59.0,-18.0,395.0,-13.0,28.0,-16.0,-300.0,78.0,-225.0,190.0,-291.0,-149.0,58.0,-154.0,-102.0,-890.0
8,2017-31,7026,-789.0,-29.0,89.0,109.0,108.0,202.0,-2.0,-4.0,118.0,387.0,19.0,-79.0,98.0,403.0,-13.0,-7.0,-2.0,573.0,372.0,66.0,-121.0,215.0,633.0,239.0,-22.0,4.0,329.0,52.0,24.0,-84.0,2267.0,-1721.0,-738.0,-140.0,17.0,-538.0,-1107.0,2.0,-59.0,-18.0,395.0,-13.0,28.0,-16.0,-300.0,78.0,-225.0,190.0,-291.0,-149.0,58.0,-154.0,-102.0
8,2017-32,6923,-103.0,-789.0,-29.0,89.0,109.0,108.0,202.0,-2.0,-4.0,118.0,387.0,19.0,-79.0,98.0,403.0,-13.0,-7.0,-2.0,573.0,372.0,66.0,-121.0,215.0,633.0,239.0,-22.0,4.0,329.0,52.0,24.0,-84.0,2267.0,-1721.0,-738.0,-140.0,17.0,-538.0,-1107.0,2.0,-59.0,-18.0,395.0,-13.0,28.0,-16.0,-300.0,78.0,-225.0,190.0,-291.0,-149.0,58.0,-154.0
8,2017-33,6785,-138.0,-103.0,-789.0,-29.0,89.0,109.0,108.0,202.0,-2.0,-4.0,118.0,387.0,19.0,-79.0,98.0,403.0,-13.0,-7.0,-2.0,573.0,372.0,66.0,-121.0,215.0,633.0,239.0,-22.0,4.0,329.0,52.0,24.0,-84.0,2267.0,-1721.0,-738.0,-140.0,17.0,-538.0,-1107.0,2.0,-59.0,-18.0,395.0,-13.0,28.0,-16.0,-300.0,78.0,-225.0,190.0,-291.0,-149.0,58.0
8,2017-34,6821,36.0,-138.0,-103.0,-789.0,-29.0,89.0,109.0,108.0,202.0,-2.0,-4.0,118.0,387.0,19.0,-79.0,98.0,403.0,-13.0,-7.0,-2.0,573.0,372.0,66.0,-121.0,215.0,633.0,239.0,-22.0,4.0,329.0,52.0,24.0,-84.0,2267.0,-1721.0,-738.0,-140.0,17.0,-538.0,-1107.0,2.0,-59.0,-18.0,395.0,-13.0,28.0,-16.0,-300.0,78.0,-225.0,190.0,-291.0,-149.0
8,2017-35,6702,-119.0,36.0,-138.0,-103.0,-789.0,-29.0,89.0,109.0,108.0,202.0,-2.0,-4.0,118.0,387.0,19.0,-79.0,98.0,403.0,-13.0,-7.0,-2.0,573.0,372.0,66.0,-121.0,215.0,633.0,239.0,-22.0,4.0,329.0,52.0,24.0,-84.0,2267.0,-1721.0,-738.0,-140.0,17.0,-538.0,-1107.0,2.0,-59.0,-18.0,395.0,-13.0,28.0,-16.0,-300.0,78.0,-225.0,190.0,-291.0
8,2017-36,6493,-209.0,-119.0,36.0,-138.0,-103.0,-789.0,-29.0,89.0,109.0,108.0,202.0,-2.0,-4.0,118.0,387.0,19.0,-79.0,98.0,403.0,-13.0,-7.0,-2.0,573.0,372.0,66.0,-121.0,215.0,633.0,239.0,-22.0,4.0,329.0,52.0,24.0,-84.0,2267.0,-1721.0,-738.0,-140.0,17.0,-538.0,-1107.0,2.0,-59.0,-18.0,395.0,-13.0,28.0,-16.0,-300.0,78.0,-225.0,190.0
8,2017-37,6250,-243.0,-209.0,-119.0,36.0,-138.0,-103.0,-789.0,-29.0,89.0,109.0,108.0,202.0,-2.0,-4.0,118.0,387.0,19.0,-79.0,98.0,403.0,-13.0,-7.0,-2.0,573.0,372.0,66.0,-121.0,215.0,633.0,239.0,-22.0,4.0,329.0,52.0,24.0,-84.0,2267.0,-1721.0,-738.0,-140.0,17.0,-538.0,-1107.0,2.0,-59.0,-18.0,395.0,-13.0,28.0,-16.0,-300.0,78.0,-225.0
8,2017-38,6408,158.0,-243.0,-209.0,-119.0,36.0,-138.0,-103.0,-789.0,-29.0,89.0,109.0,108.0,202.0,-2.0,-4.0,118.0,387.0,19.0,-79.0,98.0,403.0,-13.0,-7.0,-2.0,573.0,372.0,66.0,-121.0,215.0,633.0,239.0,-22.0,4.0,329.0,52.0,24.0,-84.0,2267.0,-1721.0,-738.0,-140.0,17.0,-538.0,-1107.0,2.0,-59.0,-18.0,395.0,-13.0,28.0,-16.0,-300.0,78.0
8,2017-39,6478,70.0,158.0,-243.0,-209.0,-119.0,36.0,-138.0,-103.0,-789.0,-29.0,89.0,109.0,108.0,202.0,-2.0,-4.0,118.0,387.0,19.0,-79.0,98.0,403.0,-13.0,-7.0,-2.0,573.0,372.0,66.0,-121.0,215.0,633.0,239.0,-22.0,4.0,329.0,52.0,24.0,-84.0,2267.0,-1721.0,-738.0,-140.0,17.0,-538.0,-1107.0,2.0,-59.0,-18.0,395.0,-13.0,28.0,-16.0,-300.0
8,2017-40,5944,-534.0,70.0,158.0,-243.0,-209.0,-119.0,36.0,-138.0,-103.0,-789.0,-29.0,89.0,109.0,108.0,202.0,-2.0,-4.0,118.0,387.0,19.0,-79.0,98.0,403.0,-13.0,-7.0,-2.0,573.0,372.0,66.0,-121.0,215.0,633.0,239.0,-22.0,4.0,329.0,52.0,24.0,-84.0,2267.0,-1721.0,-738.0,-140.0,17.0,-538.0,-1107.0,2.0,-59.0,-18.0,395.0,-13.0,28.0,-16.0
8,2017-41,5865,-79.0,-534.0,70.0,158.0,-243.0,-209.0,-119.0,36.0,-138.0,-103.0,-789.0,-29.0,89.0,109.0,108.0,202.0,-2.0,-4.0,118.0,387.0,19.0,-79.0,98.0,403.0,-13.0,-7.0,-2.0,573.0,372.0,66.0,-121.0,215.0,633.0,239.0,-22.0,4.0,329.0,52.0,24.0,-84.0,2267.0,-1721.0,-738.0,-140.0,17.0,-538.0,-1107.0,2.0,-59.0,-18.0,395.0,-13.0,28.0
8,2017-42,6032,167.0,-79.0,-534.0,70.0,158.0,-243.0,-209.0,-119.0,36.0,-138.0,-103.0,-789.0,-29.0,89.0,109.0,108.0,202.0,-2.0,-4.0,118.0,387.0,19.0,-79.0,98.0,403.0,-13.0,-7.0,-2.0,573.0,372.0,66.0,-121.0,215.0,633.0,239.0,-22.0,4.0,329.0,52.0,24.0,-84.0,2267.0,-1721.0,-738.0,-140.0,17.0,-538.0,-1107.0,2.0,-59.0,-18.0,395.0,-13.0
8,2017-43,6034,2.0,167.0,-79.0,-534.0,70.0,158.0,-243.0,-209.0,-119.0,36.0,-138.0,-103.0,-789.0,-29.0,89.0,109.0,108.0,202.0,-2.0,-4.0,118.0,387.0,19.0,-79.0,98.0,403.0,-13.0,-7.0,-2.0,573.0,372.0,66.0,-121.0,215.0,633.0,239.0,-22.0,4.0,329.0,52.0,24.0,-84.0,2267.0,-1721.0,-738.0,-140.0,17.0,-538.0,-1107.0,2.0,-59.0,-18.0,395.0
8,2017-44,6406,372.0,2.0,167.0,-79.0,-534.0,70.0,158.0,-243.0,-209.0,-119.0,36.0,-138.0,-103.0,-789.0,-29.0,89.0,109.0,108.0,202.0,-2.0,-4.0,118.0,387.0,19.0,-79.0,98.0,403.0,-13.0,-7.0,-2.0,573.0,372.0,66.0,-121.0,215.0,633.0,239.0,-22.0,4.0,329.0,52.0,24.0,-84.0,2267.0,-1721.0,-738.0,-140.0,17.0,-538.0,-1107.0,2.0,-59.0,-18.0
8,2017-45,6408,2.0,372.0,2.0,167.0,-79.0,-534.0,70.0,158.0,-243.0,-209.0,-119.0,36.0,-138.0,-103.0,-789.0,-29.0,89.0,109.0,108.0,202.0,-2.0,-4.0,118.0,387.0,19.0,-79.0,98.0,403.0,-13.0,-7.0,-2.0,573.0,372.0,66.0,-121.0,215.0,633.0,239.0,-22.0,4.0,329.0,52.0,24.0,-84.0,2267.0,-1721.0,-738.0,-140.0,17.0,-538.0,-1107.0,2.0,-59.0
8,2017-46,6479,71.0,2.0,372.0,2.0,167.0,-79.0,-534.0,70.0,158.0,-243.0,-209.0,-119.0,36.0,-138.0,-103.0,-789.0,-29.0,89.0,109.0,108.0,202.0,-2.0,-4.0,118.0,387.0,19.0,-79.0,98.0,403.0,-13.0,-7.0,-2.0,573.0,372.0,66.0,-121.0,215.0,633.0,239.0,-22.0,4.0,329.0,52.0,24.0,-84.0,2267.0,-1721.0,-738.0,-140.0,17.0,-538.0,-1107.0,2.0
8,2017-47,6449,-30.0,71.0,2.0,372.0,2.0,167.0,-79.0,-534.0,70.0,158.0,-243.0,-209.0,-119.0,36.0,-138.0,-103.0,-789.0,-29.0,89.0,109.0,108.0,202.0,-2.0,-4.0,118.0,387.0,19.0,-79.0,98.0,403.0,-13.0,-7.0,-2.0,573.0,372.0,66.0,-121.0,215.0,633.0,239.0,-22.0,4.0,329.0,52.0,24.0,-84.0,2267.0,-1721.0,-738.0,-140.0,17.0,-538.0,-1107.0
8,2017-48,5567,-882.0,-30.0,71.0,2.0,372.0,2.0,167.0,-79.0,-534.0,70.0,158.0,-243.0,-209.0,-119.0,36.0,-138.0,-103.0,-789.0,-29.0,89.0,109.0,108.0,202.0,-2.0,-4.0,118.0,387.0,19.0,-79.0,98.0,403.0,-13.0,-7.0,-2.0,573.0,372.0,66.0,-121.0,215.0,633.0,239.0,-22.0,4.0,329.0,52.0,24.0,-84.0,2267.0,-1721.0,-738.0,-140.0,17.0,-538.0
8,2017-49,4516,-1051.0,-882.0,-30.0,71.0,2.0,372.0,2.0,167.0,-79.0,-534.0,70.0,158.0,-243.0,-209.0,-119.0,36.0,-138.0,-103.0,-789.0,-29.0,89.0,109.0,108.0,202.0,-2.0,-4.0,118.0,387.0,19.0,-79.0,98.0,403.0,-13.0,-7.0,-2.0,573.0,372.0,66.0,-121.0,215.0,633.0,239.0,-22.0,4.0,329.0,52.0,24.0,-84.0,2267.0,-1721.0,-738.0,-140.0,17.0
8,2017-50,4700,184.0,-1051.0,-882.0,-30.0,71.0,2.0,372.0,2.0,167.0,-79.0,-534.0,70.0,158.0,-243.0,-209.0,-119.0,36.0,-138.0,-103.0,-789.0,-29.0,89.0,109.0,108.0,202.0,-2.0,-4.0,118.0,387.0,19.0,-79.0,98.0,403.0,-13.0,-7.0,-2.0,573.0,372.0,66.0,-121.0,215.0,633.0,239.0,-22.0,4.0,329.0,52.0,24.0,-84.0,2267.0,-1721.0,-738.0,-140.0
8,2017-51,4513,-187.0,184.0,-1051.0,-882.0,-30.0,71.0,2.0,372.0,2.0,167.0,-79.0,-534.0,70.0,158.0,-243.0,-209.0,-119.0,36.0,-138.0,-103.0,-789.0,-29.0,89.0,109.0,108.0,202.0,-2.0,-4.0,118.0,387.0,19.0,-79.0,98.0,403.0,-13.0,-7.0,-2.0,573.0,372.0,66.0,-121.0,215.0,633.0,239.0,-22.0,4.0,329.0,52.0,24.0,-84.0,2267.0,-1721.0,-738.0
8,2017-52,5275,762.0,-187.0,184.0,-1051.0,-882.0,-30.0,71.0,2.0,372.0,2.0,167.0,-79.0,-534.0,70.0,158.0,-243.0,-209.0,-119.0,36.0,-138.0,-103.0,-789.0,-29.0,89.0,109.0,108.0,202.0,-2.0,-4.0,118.0,387.0,19.0,-79.0,98.0,403.0,-13.0,-7.0,-2.0,573.0,372.0,66.0,-121.0,215.0,633.0,239.0,-22.0,4.0,329.0,52.0,24.0,-84.0,2267.0,-1721.0
