item,date,sales,sales_diff,lag_1,lag_2,lag_3,lag_4,lag_5,lag_6,lag_7,lag_8,lag_9,lag_10,lag_11,lag_12,lag_13,lag_14,lag_15,lag_16,lag_17,lag_18,lag_19,lag_20,lag_21,lag_22,lag_23,lag_24,lag_25,lag_26,lag_27,lag_28,lag_29,lag_30,lag_31,lag_32,lag_33,lag_34,lag_35,lag_36,lag_37,lag_38,lag_39,lag_40,lag_41,lag_42,lag_43,lag_44,lag_45,lag_46,lag_47,lag_48,lag_49,lag_50,lag_51,lag_52
10,2014-02,3308,-621.0,798.0,-78.0,-82.0,8.0,-968.0,-303.0,41.0,19.0,232.0,199.0,-90.0,-178.0,112.0,-273.0,-63.0,96.0,-105.0,-100.0,-143.0,2.0,-20.0,-92.0,-641.0,176.0,-150.0,36.0,354.0,-59.0,-48.0,159.0,153.0,0.0,185.0,69.0,3.0,154.0,39.0,40.0,-54.0,627.0,20.0,86.0,-202.0,453.0,379.0,-72.0,-12.0,247.0,20.0,118.0,-68.0,-499.0
10,2014-03,3413,105.0,-621.0,798.0,-78.0,-82.0,8.0,-968.0,-303.0,41.0,19.0,232.0,199.0,-90.0,-178.0,112.0,-273.0,-63.0,96.0,-105.0,-100.0,-143.0,2.0,-20.0,-92.0,-641.0,176.0,-150.0,36.0,354.0,-59.0,-48.0,159.0,153.0,0.0,185.0,69.0,3.0,154.0,39.0,40.0,-54.0,627.0,20.0,86.0,-202.0,453.0,379.0,-72.0,-12.0,247.0,20.0,118.0,-68.0
10,2014-04,3331,-82.0,105.0,-621.0,798.0,-78.0,-82.0,8.0,-968.0,-303.0,41.0,19.0,232.0,199.0,-90.0,-178.0,112.0,-273.0,-63.0,96.0,-105.0,-100.0,-143.0,2.0,-20.0,-92.0,-641.0,176.0,-150.0,36.0,354.0,-59.0,-48.0,159.0,153.0,0.0,185.0,69.0,3.0,154.0,39.0,40.0,-54.0,627.0,20.0,86.0,-202.0,453.0,379.0,-72.0,-12.0,247.0,20.0,118.0
10,2014-05,3547,216.0,-82.0,105.0,-621.0,798.0,-78.0,-82.0,8.0,-968.0,-303.0,41.0,19.0,232.0,199.0,-90.0,-178.0,112.0,-273.0,-63.0,96.0,-105.0,-100.0,-143.0,2.0,-20.0,-92.0,-641.0,176.0,-150.0,36.0,354.0,-59.0,-48.0,159.0,153.0,0.0,185.0,69.0,3.0,154.0,39.0,40.0,-54.0,627.0,20.0,86.0,-202.0,453.0,379.0,-72.0,-12.0,247.0,20.0
10,2014-06,3686,139.0,216.0,-82.0,105.0,-621.0,798.0,-78.0,-82.0,8.0,-968.0,-303.0,41.0,19.0,232.0,199.0,-90.0,-178.0,112.0,-273.0,-63.0,96.0,-105.0,-100.0,-143.0,2.0,-20.0,-92.0,-641.0,176.0,-150.0,36.0,354.0,-59.0,-48.0,159.0,153.0,0.0,185.0,69.0,3.0,154.0,39.0,40.0,-54.0,627.0,20.0,86.0,-202.0,453.0,379.0,-72.0,-12.0,247.0
10,2014-07,3686,0.0,139.0,216.0,-82.0,105.0,-621.0,798.0,-78.0,-82.0,8.0,-968.0,-303.0,41.0,19.0,232.0,199.0,-90.0,-178.0,112.0,-273.0,-63.0,96.0,-105.0,-100.0,-143.0,2.0,-20.0,-92.0,-641.0,176.0,-150.0,36.0,354.0,-59.0,-48.0,159.0,153.0,0.0,185.0,69.0,3.0,154.0,39.0,40.0,-54.0,627.0,20.0,86.0,-202.0,453.0,379.0,-72.0,-12.0
10,2014-08,3724,38.0,0.0,139.0,216.0,-82.0,105.0,-621.0,798.0,-78.0,-82.0,8.0,-968.0,-303.0,41.0,19.0,232.0,199.0,-90.0,-178.0,112.0,-273.0,-63.0,96.0,-105.0,-100.0,-143.0,2.0,-20.0,-92.0,-641.0,176.0,-150.0,36.0,354.0,-59.0,-48.0,159.0,153.0,0.0,185.0,69.0,3.0,154.0,39.0,40.0,-54.0,627.0,20.0,86.0,-202.0,453.0,379.0,-72.0
10,2014-09,3947,223.0,38.0,0.0,139.0,216.0,-82.0,105.0,-621.0,798.0,-78.0,-82.0,8.0,-968.0,-303.0,41.0,19.0,232.0,199.0,-90.0,-178.0,112.0,-273.0,-63.0,96.0,-105.0,-100.0,-143.0,2.0,-20.0,-92.0,-641.0,176.0,-150.0,36.0,354.0,-59.0,-48.0,159.0,153.0,0.0,185.0,69.0,3.0,154.0,39.0,40.0,-54.0,627.0,20.0,86.0,-202.0,453.0,379.0
10,2014-10,4421,474.0,223.0,38.0,0.0,139.0,216.0,-82.0,105.0,-621.0,798.0,-78.0,-82.0,8.0,-968.0,-303.0,41.0,19.0,232.0,199.0,-90.0,-178.0,112.0,-273.0,-63.0,96.0,-105.0,-100.0,-143.0,2.0,-20.0,-92.0,-641.0,176.0,-150.0,36.0,354.0,-59.0,-48.0,159.0,153.0,0.0,185.0,69.0,3.0,154.0,39.0,40.0,-54.0,627.0,20.0,86.0,-202.0,453.0
10,2014-11,4422,1.0,474.0,223.0,38.0,0.0,139.0,216.0,-82.0,105.0,-621.0,798.0,-78.0,-82.0,8.0,-968.0,-303.0,41.0,19.0,232.0,199.0,-90.0,-178.0,112.0,-273.0,-63.0,96.0,-105.0,-100.0,-143.0,2.0,-20.0,-92.0,-641.0,176.0,-150.0,36.0,354.0,-59.0,-48.0,159.0,153.0,0.0,185.0,69.0,3.0,154.0,39.0,40.0,-54.0,627.0,20.0,86.0,-202.0
10,2014-12,4373,-49.0,1.0,474.0,223.0,38.0,0.0,139.0,216.0,-82.0,105.0,-621.0,798.0,-78.0,-82.0,8.0,-968.0,-303.0,41.0,19.0,232.0,199.0,-90.0,-178.0,112.0,-273.0,-63.0,96.0,-105.0,-100.0,-143.0,2.0,-20.0,-92.0,-641.0,176.0,-150.0,36.0,354.0,-59.0,-48.0,159.0,153.0,0.0,185.0,69.0,3.0,154.0,39.0,40.0,-54.0,627.0,20.0,86.0
10,2014-13,4306,-67.0,-49.0,1.0,474.0,223.0,38.0,0.0,139.0,216.0,-82.0,105.0,-621.0,798.0,-78.0,-82.0,8.0,-968.0,-303.0,41.0,19.0,232.0,199.0,-90.0,-178.0,112.0,-273.0,-63.0,96.0,-105.0,-100.0,-143.0,2.0,-20.0,-92.0,-641.0,176.0,-150.0,36.0,354.0,-59.0,-48.0,159.0,153.0,0.0,185.0,69.0,3.0,154.0,39.0,40.0,-54.0,627.0,20.0
10,2014-14,5170,864.0,-67.0,-49.0,1.0,474.0,223.0,38.0,0.0,139.0,216.0,-82.0,105.0,-621.0,798.0,-78.0,-82.0,8.0,-968.0,-303.0,41.0,19.0,232.0,199.0,-90.0,-178.0,112.0,-273.0,-63.0,96.0,-105.0,-100.0,-143.0,2.0,-20.0,-92.0,-641.0,176.0,-150.0,36.0,354.0,-59.0,-48.0,159.0,153.0,0.0,185.0,69.0,3.0,154.0,39.0,40.0,-54.0,627.0
10,2014-15,5199,29.0,864.0,-67.0,-49.0,1.0,474.0,223.0,38.0,0.0,139.0,216.0,-82.0,105.0,-621.0,798.0,-78.0,-82.0,8.0,-968.0,-303.0,41.0,19.0,232.0,199.0,-90.0,-178.0,112.0,-273.0,-63.0,96.0,-105.0,-100.0,-143.0,2.0,-20.0,-92.0,-641.0,176.0,-150.0,36.0,354.0,-59.0,-48.0,159.0,153.0,0.0,185.0,69.0,3.0,154.0,39.0,40.0,-54.0
10,2014-16,5169,-30.0,29.0,864.0,-67.0,-49.0,1.0,474.0,223.0,38.0,0.0,139.0,216.0,-82.0,105.0,-621.0,798.0,-78.0,-82.0,8.0,-968.0,-303.0,41.0,19.0,232.0,199.0,-90.0,-178.0,112.0,-273.0,-63.0,96.0,-105.0,-100.0,-143.0,2.0,-20.0,-92.0,-641.0,176.0,-150.0,36.0,354.0,-59.0,-48.0,159.0,153.0,0.0,185.0,69.0,3.0,154.0,39.0,40.0
10,2014-17,5149,-20.0,-30.0,29.0,864.0,-67.0,-49.0,1.0,474.0,223.0,38.0,0.0,139.0,216.0,-82.0,105.0,-621.0,798.0,-78.0,-82.0,8.0,-968.0,-303.0,41.0,19.0,232.0,199.0,-90.0,-178.0,112.0,-273.0,-63.0,96.0,-105.0,-100.0,-143.0,2.0,-20.0,-92.0,-641.0,176.0,-150.0,36.0,354.0,-59.0,-48.0,159.0,153.0,0.0,185.0,69.0,3.0,154.0,39.0
10,2014-18,5319,170.0,-20.0,-30.0,29.0,864.0,-67.0,-49.0,1.0,474.0,223.0,38.0,0.0,139.0,216.0,-82.0,105.0,-621.0,798.0,-78.0,-82.0,8.0,-968.0,-303.0,41.0,19.0,232.0,199.0,-90.0,-178.0,112.0,-273.0,-63.0,96.0,-105.0,-100.0,-143.0,2.0,-20.0,-92.0,-641.0,176.0,-150.0,36.0,354.0,-59.0,-48.0,159.0,153.0,0.0,185.0,69.0,3.0,154.0
10,2014-19,5613,294.0,170.0,-20.0,-30.0,29.0,864.0,-67.0,-49.0,1.0,474.0,223.0,38.0,0.0,139.0,216.0,-82.0,105.0,-621.0,798.0,-78.0,-82.0,8.0,-968.0,-303.0,41.0,19.0,232.0,199.0,-90.0,-178.0,112.0,-273.0,-63.0,96.0,-105.0,-100.0,-143.0,2.0,-20.0,-92.0,-641.0,176.0,-150.0,36.0,354.0,-59.0,-48.0,159.0,153.0,0.0,185.0,69.0,3.0
10,2014-20,5439,-174.0,294.0,170.0,-20.0,-30.0,29.0,864.0,-67.0,-49.0,1.0,474.0,223.0,38.0,0.0,139.0,216.0,-82.0,105.0,-621.0,798.0,-78.0,-82.0,8.0,-968.0,-303.0,41.0,19.0,232.0,199.0,-90.0,-178.0,112.0,-273.0,-63.0,96.0,-105.0,-100.0,-143.0,2.0,-20.0,-92.0,-641.0,176.0,-150.0,36.0,354.0,-59.0,-48.0,159.0,153.0,0.0,185.0,69.0
10,2014-21,5536,97.0,-174.0,294.0,170.0,-20.0,-30.0,29.0,864.0,-67.0,-49.0,1.0,474.0,223.0,38.0,0.0,139.0,216.0,-82.0,105.0,-621.0,798.0,-78.0,-82.0,8.0,-968.0,-303.0,41.0,19.0,232.0,199.0,-90.0,-178.0,112.0,-273.0,-63.0,96.0,-105.0,-100.0,-143.0,2.0,-20.0,-92.0,-641.0,176.0,-150.0,36.0,354.0,-59.0,-48.0,159.0,153.0,0.0,185.0
10,2014-22,5751,215.0,97.0,-174.0,294.0,170.0,-20.0,-30.0,29.0,864.0,-67.0,-49.0,1.0,474.0,223.0,38.0,0.0,139.0,216.0,-82.0,105.0,-621.0,798.0,-78.0,-82.0,8.0,-968.0,-303.0,41.0,19.0,232.0,199.0,-90.0,-178.0,112.0,-273.0,-63.0,96.0,-105.0,-100.0,-143.0,2.0,-20.0,-92.0,-641.0,176.0,-150.0,36.0,354.0,-59.0,-48.0,159.0,153.0,0.0
10,2014-23,5741,-10.0,215.0,97.0,-174.0,294.0,170.0,-20.0,-30.0,29.0,864.0,-67.0,-49.0,1.0,474.0,223.0,38.0,0.0,139.0,216.0,-82.0,105.0,-621.0,798.0,-78.0,-82.0,8.0,-968.0,-303.0,41.0,19.0,232.0,199.0,-90.0,-178.0,112.0,-273.0,-63.0,96.0,-105.0,-100.0,-143.0,2.0,-20.0,-92.0,-641.0,176.0,-150.0,36.0,354.0,-59.0,-48.0,159.0,153.0
10,2014-24,5877,136.0,-10.0,215.0,97.0,-174.0,294.0,170.0,-20.0,-30.0,29.0,864.0,-67.0,-49.0,1.0,474.0,223.0,38.0,0.0,139.0,216.0,-82.0,105.0,-621.0,798.0,-78.0,-82.0,8.0,-968.0,-303.0,41.0,19.0,232.0,199.0,-90.0,-178.0,112.0,-273.0,-63.0,96.0,-105.0,-100.0,-143.0,2.0,-20.0,-92.0,-641.0,176.0,-150.0,36.0,354.0,-59.0,-48.0,159.0
10,2014-25,5801,-76.0,136.0,-10.0,215.0,97.0,-174.0,294.0,170.0,-20.0,-30.0,29.0,864.0,-67.0,-49.0,1.0,474.0,223.0,38.0,0.0,139.0,216.0,-82.0,105.0,-621.0,798.0,-78.0,-82.0,8.0,-968.0,-303.0,41.0,19.0,232.0,199.0,-90.0,-178.0,112.0,-273.0,-63.0,96.0,-105.0,-100.0,-143.0,2.0,-20.0,-92.0,-641.0,176.0,-150.0,36.0,354.0,-59.0,-48.0
10,2014-26,5855,54.0,-76.0,136.0,-10.0,215.0,97.0,-174.0,294.0,170.0,-20.0,-30.0,29.0,864.0,-67.0,-49.0,1.0,474.0,223.0,38.0,0.0,139.0,216.0,-82.0,105.0,-621.0,798.0,-78.0,-82.0,8.0,-968.0,-303.0,41.0,19.0,232.0,199.0,-90.0,-178.0,112.0,-273.0,-63.0,96.0,-105.0,-100.0,-143.0,2.0,-20.0,-92.0,-641.0,176.0,-150.0,36.0,354.0,-59.0
10,2014-27,6295,440.0,54.0,-76.0,136.0,-10.0,215.0,97.0,-174.0,294.0,170.0,-20.0,-30.0,29.0,864.0,-67.0,-49.0,1.0,474.0,223.0,38.0,0.0,139.0,216.0,-82.0,105.0,-621.0,798.0,-78.0,-82.0,8.0,-968.0,-303.0,41.0,19.0,232.0,199.0,-90.0,-178.0,112.0,-273.0,-63.0,96.0,-105.0,-100.0,-143.0,2.0,-20.0,-92.0,-641.0,176.0,-150.0,36.0,354.0
10,2014-28,6262,-33.0,440.0,54.0,-76.0,136.0,-10.0,215.0,97.0,-174.0,294.0,170.0,-20.0,-30.0,29.0,864.0,-67.0,-49.0,1.0,474.0,223.0,38.0,0.0,139.0,216.0,-82.0,105.0,-621.0,798.0,-78.0,-82.0,8.0,-968.0,-303.0,41.0,19.0,232.0,199.0,-90.0,-178.0,112.0,-273.0,-63.0,96.0,-105.0,-100.0,-143.0,2.0,-20.0,-92.0,-641.0,176.0,-150.0,36.0
10,2014-29,6312,50.0,-33.0,440.0,54.0,-76.0,136.0,-10.0,215.0,97.0,-174.0,294.0,170.0,-20.0,-30.0,29.0,864.0,-67.0,-49.0,1.0,474.0,223.0,38.0,0.0,139.0,216.0,-82.0,105.0,-621.0,798.0,-78.0,-82.0,8.0,-968.0,-303.0,41.0,19.0,232.0,199.0,-90.0,-178.0,112.0,-273.0,-63.0,96.0,-105.0,-100.0,-143.0,2.0,-20.0,-92.0,-641.0,176.0,-150.0
10,2014-30,6284,-28.0,50.0,-33.0,440.0,54.0,-76.0,136.0,-10.0,215.0,97.0,-174.0,294.0,170.0,-20.0,-30.0,29.0,864.0,-67.0,-49.0,1.0,474.0,223.0,38.0,0.0,139.0,216.0,-82.0,105.0,-621.0,798.0,-78.0,-82.0,8.0,-968.0,-303.0,41.0,19.0,232.0,199.0,-90.0,-178.0,112.0,-273.0,-63.0,96.0,-105.0,-100.0,-143.0,2.0,-20.0,-92.0,-641.0,176.0
10,2014-31,5898,-386.0,-28.0,50.0,-33.0,440.0,54.0,-76.0,136.0,-10.0,215.0,97.0,-174.0,294.0,170.0,-20.0,-30.0,29.0,864.0,-67.0,-49.0,1.0,474.0,223.0,38.0,0.0,139.0,216.0,-82.0,105.0,-621.0,798.0,-78.0,-82.0,8.0,-968.0,-303.0,41.0,19.0,232.0,199.0,-90.0,-178.0,112.0,-273.0,-63.0,96.0,-105.0,-100.0,-143.0,2.0,-20.0,-92.0,-641.0
10,2014-32,5650,-248.0,-386.0,-28.0,50.0,-33.0,440.0,54.0,-76.0,136.0,-10.0,215.0,97.0,-174.0,294.0,170.0,-20.0,-30.0,29.0,864.0,-67.0,-49.0,1.0,474.0,223.0,38.0,0.0,139.0,216.0,-82.0,105.0,-621.0,798.0,-78.0,-82.0,8.0,-968.0,-303.0,41.0,19.0,232.0,199.0,-90.0,-178.0,112.0,-273.0,-63.0,96.0,-105.0,-100.0,-143.0,2.0,-20.0,-92.0
10,2014-33,5550,-100.0,-248.0,-386.0,-28.0,50.0,-33.0,440.0,54.0,-76.0,136.0,-10.0,215.0,97.0,-174.0,294.0,170.0,-20.0,-30.0,29.0,864.0,-67.0,-49.0,1.0,474.0,223.0,38.0,0.0,139.0,216.0,-82.0,105.0,-621.0,798.0,-78.0,-82.0,8.0,-968.0,-303.0,41.0,19.0,232.0,199.0,-90.0,-178.0,112.0,-273.0,-63.0,96.0,-105.0,-100.0,-143.0,2.0,-20.0
10,2014-34,5757,207.0,-100.0,-248.0,-386.0,-28.0,50.0,-33.0,440.0,54.0,-76.0,136.0,-10.0,215.0,97.0,-174.0,294.0,170.0,-20.0,-30.0,29.0,864.0,-67.0,-49.0,1.0,474.0,223.0,38.0,0.0,139.0,216.0,-82.0,105.0,-621.0,798.0,-78.0,-82.0,8.0,-968.0,-303.0,41.0,19.0,232.0,199.0,-90.0,-178.0,112.0,-273.0,-63.0,96.0,-105.0,-100.0,-143.0,2.0
10,2014-35,5610,-147.0,207.0,-100.0,-248.0,-386.0,-28.0,50.0,-33.0,440.0,54.0,-76.0,136.0,-10.0,215.0,97.0,-174.0,294.0,170.0,-20.0,-30.0,29.0,864.0,-67.0,-49.0,1.0,474.0,223.0,38.0,0.0,139.0,216.0,-82.0,105.0,-621.0,798.0,-78.0,-82.0,8.0,-968.0,-303.0,41.0,19.0,232.0,199.0,-90.0,-178.0,112.0,-273.0,-63.0,96.0,-105.0,-100.0,-143.0
10,2014-36,5229,-381.0,-147.0,207.0,-100.0,-248.0,-386.0,-28.0,50.0,-33.0,440.0,54.0,-76.0,136.0,-10.0,215.0,97.0,-174.0,294.0,170.0,-20.0,-30.0,29.0,864.0,-67.0,-49.0,1.0,474.0,223.0,38.0,0.0,139.0,216.0,-82.0,105.0,-621.0,798.0,-78.0,-82.0,8.0,-968.0,-303.0,41.0,19.0,232.0,199.0,-90.0,-178.0,112.0,-273.0,-63.0,96.0,-105.0,-100.0
10,2014-37,5141,-88.0,-381.0,-147.0,207.0,-100.0,-248.0,-386.0,-28.0,50.0,-33.0,440.0,54.0,-76.0,136.0,-10.0,215.0,97.0,-174.0,294.0,170.0,-20.0,-30.0,29.0,864.0,-67.0,-49.0,1.0,474.0,223.0,38.0,0.0,139.0,216.0,-82.0,105.0,-621.0,798.0,-78.0,-82.0,8.0,-968.0,-303.0,41.0,19.0,232.0,199.0,-90.0,-178.0,112.0,-273.0,-63.0,96.0,-105.0
10,2014-38,5143,2.0,-88.0,-381.0,-147.0,207.0,-100.0,-248.0,-386.0,-28.0,50.0,-33.0,440.0,54.0,-76.0,136.0,-10.0,215.0,97.0,-174.0,294.0,170.0,-20.0,-30.0,29.0,864.0,-67.0,-49.0,1.0,474.0,223.0,38.0,0.0,139.0,216.0,-82.0,105.0,-621.0,798.0,-78.0,-82.0,8.0,-968.0,-303.0,41.0,19.0,232.0,199.0,-90.0,-178.0,112.0,-273.0,-63.0,96.0
10,2014-39,5232,89.0,2.0,-88.0,-381.0,-147.0,207.0,-100.0,-248.0,-386.0,-28.0,50.0,-33.0,440.0,54.0,-76.0,136.0,-10.0,215.0,97.0,-174.0,294.0,170.0,-20.0,-30.0,29.0,864.0,-67.0,-49.0,1.0,474.0,223.0,38.0,0.0,139.0,216.0,-82.0,105.0,-621.0,798.0,-78.0,-82.0,8.0,-968.0,-303.0,41.0,19.0,232.0,199.0,-90.0,-178.0,112.0,-273.0,-63.0
10,2014-40,4923,-309.0,89.0,2.0,-88.0,-381.0,-147.0,207.0,-100.0,-248.0,-386.0,-28.0,50.0,-33.0,440.0,54.0,-76.0,136.0,-10.0,215.0,97.0,-174.0,294.0,170.0,-20.0,-30.0,29.0,864.0,-67.0,-49.0,1.0,474.0,223.0,38.0,0.0,139.0,216.0,-82.0,105.0,-621.0,798.0,-78.0,-82.0,8.0,-968.0,-303.0,41.0,19.0,232.0,199.0,-90.0,-178.0,112.0,-273.0
10,2014-41,4831,-92.0,-309.0,89.0,2.0,-88.0,-381.0,-147.0,207.0,-100.0,-248.0,-386.0,-28.0,50.0,-33.0,440.0,54.0,-76.0,136.0,-10.0,215.0,97.0,-174.0,294.0,170.0,-20.0,-30.0,29.0,864.0,-67.0,-49.0,1.0,474.0,223.0,38.0,0.0,139.0,216.0,-82.0,105.0,-621.0,798.0,-78.0,-82.0,8.0,-968.0,-303.0,41.0,19.0,232.0,199.0,-90.0,-178.0,112.0
10,2014-42,4813,-18.0,-92.0,-309.0,89.0,2.0,-88.0,-381.0,-147.0,207.0,-100.0,-248.0,-386.0,-28.0,50.0,-33.0,440.0,54.0,-76.0,136.0,-10.0,215.0,97.0,-174.0,294.0,170.0,-20.0,-30.0,29.0,864.0,-67.0,-49.0,1.0,474.0,223.0,38.0,0.0,139.0,216.0,-82.0,105.0,-621.0,798.0,-78.0,-82.0,8.0,-968.0,-303.0,41.0,19.0,232.0,199.0,-90.0,-178.0
10,2014-43,4912,99.0,-18.0,-92.0,-309.0,89.0,2.0,-88.0,-381.0,-147.0,207.0,-100.0,-248.0,-386.0,-28.0,50.0,-33.0,440.0,54.0,-76.0,136.0,-10.0,215.0,97.0,-174.0,294.0,170.0,-20.0,-30.0,29.0,864.0,-67.0,-49.0,1.0,474.0,223.0,38.0,0.0,139.0,216.0,-82.0,105.0,-621.0,798.0,-78.0,-82.0,8.0,-968.0,-303.0,41.0,19.0,232.0,199.0,-90.0
10,2014-44,4932,20.0,99.0,-18.0,-92.0,-309.0,89.0,2.0,-88.0,-381.0,-147.0,207.0,-100.0,-248.0,-386.0,-28.0,50.0,-33.0,440.0,54.0,-76.0,136.0,-10.0,215.0,97.0,-174.0,294.0,170.0,-20.0,-30.0,29.0,864.0,-67.0,-49.0,1.0,474.0,223.0,38.0,0.0,139.0,216.0,-82.0,105.0,-621.0,798.0,-78.0,-82.0,8.0,-968.0,-303.0,41.0,19.0,232.0,199.0
10,2014-45,5132,200.0,20.0,99.0,-18.0,-92.0,-309.0,89.0,2.0,-88.0,-381.0,-147.0,207.0,-100.0,-248.0,-386.0,-28.0,50.0,-33.0,440.0,54.0,-76.0,136.0,-10.0,215.0,97.0,-174.0,294.0,170.0,-20.0,-30.0,29.0,864.0,-67.0,-49.0,1.0,474.0,223.0,38.0,0.0,139.0,216.0,-82.0,105.0,-621.0,798.0,-78.0,-82.0,8.0,-968.0,-303.0,41.0,19.0,232.0
10,2014-46,5171,39.0,200.0,20.0,99.0,-18.0,-92.0,-309.0,89.0,2.0,-88.0,-381.0,-147.0,207.0,-100.0,-248.0,-386.0,-28.0,50.0,-33.0,440.0,54.0,-76.0,136.0,-10.0,215.0,97.0,-174.0,294.0,170.0,-20.0,-30.0,29.0,864.0,-67.0,-49.0,1.0,474.0,223.0,38.0,0.0,139.0,216.0,-82.0,105.0,-621.0,798.0,-78.0,-82.0,8.0,-968.0,-303.0,41.0,19.0
10,2014-47,5190,19.0,39.0,200.0,20.0,99.0,-18.0,-92.0,-309.0,89.0,2.0,-88.0,-381.0,-147.0,207.0,-100.0,-248.0,-386.0,-28.0,50.0,-33.0,440.0,54.0,-76.0,136.0,-10.0,215.0,97.0,-174.0,294.0,170.0,-20.0,-30.0,29.0,864.0,-67.0,-49.0,1.0,474.0,223.0,38.0,0.0,139.0,216.0,-82.0,105.0,-621.0,798.0,-78.0,-82.0,8.0,-968.0,-303.0,41.0
10,2014-48,5172,-18.0,19.0,39.0,200.0,20.0,99.0,-18.0,-92.0,-309.0,89.0,2.0,-88.0,-381.0,-147.0,207.0,-100.0,-248.0,-386.0,-28.0,50.0,-33.0,440.0,54.0,-76.0,136.0,-10.0,215.0,97.0,-174.0,294.0,170.0,-20.0,-30.0,29.0,864.0,-67.0,-49.0,1.0,474.0,223.0,38.0,0.0,139.0,216.0,-82.0,105.0,-621.0,798.0,-78.0,-82.0,8.0,-968.0,-303.0
10,2014-49,3740,-1432.0,-18.0,19.0,39.0,200.0,20.0,99.0,-18.0,-92.0,-309.0,89.0,2.0,-88.0,-381.0,-147.0,207.0,-100.0,-248.0,-386.0,-28.0,50.0,-33.0,440.0,54.0,-76.0,136.0,-10.0,215.0,97.0,-174.0,294.0,170.0,-20.0,-30.0,29.0,864.0,-67.0,-49.0,1.0,474.0,223.0,38.0,0.0,139.0,216.0,-82.0,105.0,-621.0,798.0,-78.0,-82.0,8.0,-968.0
10,2014-50,3709,-31.0,-1432.0,-18.0,19.0,39.0,200.0,20.0,99.0,-18.0,-92.0,-309.0,89.0,2.0,-88.0,-381.0,-147.0,207.0,-100.0,-248.0,-386.0,-28.0,50.0,-33.0,440.0,54.0,-76.0,136.0,-10.0,215.0,97.0,-174.0,294.0,170.0,-20.0,-30.0,29.0,864.0,-67.0,-49.0,1.0,474.0,223.0,38.0,0.0,139.0,216.0,-82.0,105.0,-621.0,798.0,-78.0,-82.0,8.0
10,2014-51,3653,-56.0,-31.0,-1432.0,-18.0,19.0,39.0,200.0,20.0,99.0,-18.0,-92.0,-309.0,89.0,2.0,-88.0,-381.0,-147.0,207.0,-100.0,-248.0,-386.0,-28.0,50.0,-33.0,440.0,54.0,-76.0,136.0,-10.0,215.0,97.0,-174.0,294.0,170.0,-20.0,-30.0,29.0,864.0,-67.0,-49.0,1.0,474.0,223.0,38.0,0.0,139.0,216.0,-82.0,105.0,-621.0,798.0,-78.0,-82.0
10,2014-52,3664,11.0,-56.0,-31.0,-1432.0,-18.0,19.0,39.0,200.0,20.0,99.0,-18.0,-92.0,-309.0,89.0,2.0,-88.0,-381.0,-147.0,207.0,-100.0,-248.0,-386.0,-28.0,50.0,-33.0,440.0,54.0,-76.0,136.0,-10.0,215.0,97.0,-174.0,294.0,170.0,-20.0,-30.0,29.0,864.0,-67.0,-49.0,1.0,474.0,223.0,38.0,0.0,139.0,216.0,-82.0,105.0,-621.0,798.0,-78.0
10,2015-01,2206,-1458.0,11.0,-56.0,-31.0,-1432.0,-18.0,19.0,39.0,200.0,20.0,99.0,-18.0,-92.0,-309.0,89.0,2.0,-88.0,-381.0,-147.0,207.0,-100.0,-248.0,-386.0,-28.0,50.0,-33.0,440.0,54.0,-76.0,136.0,-10.0,215.0,97.0,-174.0,294.0,170.0,-20.0,-30.0,29.0,864.0,-67.0,-49.0,1.0,474.0,223.0,38.0,0.0,139.0,216.0,-82.0,105.0,-621.0,798.0
10,2015-02,3507,1301.0,-1458.0,11.0,-56.0,-31.0,-1432.0,-18.0,19.0,39.0,200.0,20.0,99.0,-18.0,-92.0,-309.0,89.0,2.0,-88.0,-381.0,-147.0,207.0,-100.0,-248.0,-386.0,-28.0,50.0,-33.0,440.0,54.0,-76.0,136.0,-10.0,215.0,97.0,-174.0,294.0,170.0,-20.0,-30.0,29.0,864.0,-67.0,-49.0,1.0,474.0,223.0,38.0,0.0,139.0,216.0,-82.0,105.0,-621.0
10,2015-03,3448,-59.0,1301.0,-1458.0,11.0,-56.0,-31.0,-1432.0,-18.0,19.0,39.0,200.0,20.0,99.0,-18.0,-92.0,-309.0,89.0,2.0,-88.0,-381.0,-147.0,207.0,-100.0,-248.0,-386.0,-28.0,50.0,-33.0,440.0,54.0,-76.0,136.0,-10.0,215.0,97.0,-174.0,294.0,170.0,-20.0,-30.0,29.0,864.0,-67.0,-49.0,1.0,474.0,223.0,38.0,0.0,139.0,216.0,-82.0,105.0
10,2015-04,3517,69.0,-59.0,1301.0,-1458.0,11.0,-56.0,-31.0,-1432.0,-18.0,19.0,39.0,200.0,20.0,99.0,-18.0,-92.0,-309.0,89.0,2.0,-88.0,-381.0,-147.0,207.0,-100.0,-248.0,-386.0,-28.0,50.0,-33.0,440.0,54.0,-76.0,136.0,-10.0,215.0,97.0,-174.0,294.0,170.0,-20.0,-30.0,29.0,864.0,-67.0,-49.0,1.0,474.0,223.0,38.0,0.0,139.0,216.0,-82.0
10,2015-05,3456,-61.0,69.0,-59.0,1301.0,-1458.0,11.0,-56.0,-31.0,-1432.0,-18.0,19.0,39.0,200.0,20.0,99.0,-18.0,-92.0,-309.0,89.0,2.0,-88.0,-381.0,-147.0,207.0,-100.0,-248.0,-386.0,-28.0,50.0,-33.0,440.0,54.0,-76.0,136.0,-10.0,215.0,97.0,-174.0,294.0,170.0,-20.0,-30.0,29.0,864.0,-67.0,-49.0,1.0,474.0,223.0,38.0,0.0,139.0,216.0
10,2015-06,3840,384.0,-61.0,69.0,-59.0,1301.0,-1458.0,11.0,-56.0,-31.0,-1432.0,-18.0,19.0,39.0,200.0,20.0,99.0,-18.0,-92.0,-309.0,89.0,2.0,-88.0,-381.0,-147.0,207.0,-100.0,-248.0,-386.0,-28.0,50.0,-33.0,440.0,54.0,-76.0,136.0,-10.0,215.0,97.0,-174.0,294.0,170.0,-20.0,-30.0,29.0,864.0,-67.0,-49.0,1.0,474.0,223.0,38.0,0.0,139.0
10,2015-07,3830,-10.0,384.0,-61.0,69.0,-59.0,1301.0,-1458.0,11.0,-56.0,-31.0,-1432.0,-18.0,19.0,39.0,200.0,20.0,99.0,-18.0,-92.0,-309.0,89.0,2.0,-88.0,-381.0,-147.0,207.0,-100.0,-248.0,-386.0,-28.0,50.0,-33.0,440.0,54.0,-76.0,136.0,-10.0,215.0,97.0,-174.0,294.0,170.0,-20.0,-30.0,29.0,864.0,-67.0,-49.0,1.0,474.0,223.0,38.0,0.0
10,2015-08,3798,-32.0,-10.0,384.0,-61.0,69.0,-59.0,1301.0,-1458.0,11.0,-56.0,-31.0,-1432.0,-18.0,19.0,39.0,200.0,20.0,99.0,-18.0,-92.0,-309.0,89.0,2.0,-88.0,-381.0,-147.0,207.0,-100.0,-248.0,-386.0,-28.0,50.0,-33.0,440.0,54.0,-76.0,136.0,-10.0,215.0,97.0,-174.0,294.0,170.0,-20.0,-30.0,29.0,864.0,-67.0,-49.0,1.0,474.0,223.0,38.0
10,2015-09,3985,187.0,-32.0,-10.0,384.0,-61.0,69.0,-59.0,1301.0,-1458.0,11.0,-56.0,-31.0,-1432.0,-18.0,19.0,39.0,200.0,20.0,99.0,-18.0,-92.0,-309.0,89.0,2.0,-88.0,-381.0,-147.0,207.0,-100.0,-248.0,-386.0,-28.0,50.0,-33.0,440.0,54.0,-76.0,136.0,-10.0,215.0,97.0,-174.0,294.0,170.0,-20.0,-30.0,29.0,864.0,-67.0,-49.0,1.0,474.0,223.0
10,2015-10,4585,600.0,187.0,-32.0,-10.0,384.0,-61.0,69.0,-59.0,1301.0,-1458.0,11.0,-56.0,-31.0,-1432.0,-18.0,19.0,39.0,200.0,20.0,99.0,-18.0,-92.0,-309.0,89.0,2.0,-88.0,-381.0,-147.0,207.0,-100.0,-248.0,-386.0,-28.0,50.0,-33.0,440.0,54.0,-76.0,136.0,-10.0,215.0,97.0,-174.0,294.0,170.0,-20.0,-30.0,29.0,864.0,-67.0,-49.0,1.0,474.0
10,2015-11,4619,34.0,600.0,187.0,-32.0,-10.0,384.0,-61.0,69.0,-59.0,1301.0,-1458.0,11.0,-56.0,-31.0,-1432.0,-18.0,19.0,39.0,200.0,20.0,99.0,-18.0,-92.0,-309.0,89.0,2.0,-88.0,-381.0,-147.0,207.0,-100.0,-248.0,-386.0,-28.0,50.0,-33.0,440.0,54.0,-76.0,136.0,-10.0,215.0,97.0,-174.0,294.0,170.0,-20.0,-30.0,29.0,864.0,-67.0,-49.0,1.0
10,2015-12,4780,161.0,34.0,600.0,187.0,-32.0,-10.0,384.0,-61.0,69.0,-59.0,1301.0,-1458.0,11.0,-56.0,-31.0,-1432.0,-18.0,19.0,39.0,200.0,20.0,99.0,-18.0,-92.0,-309.0,89.0,2.0,-88.0,-381.0,-147.0,207.0,-100.0,-248.0,-386.0,-28.0,50.0,-33.0,440.0,54.0,-76.0,136.0,-10.0,215.0,97.0,-174.0,294.0,170.0,-20.0,-30.0,29.0,864.0,-67.0,-49.0
10,2015-13,4712,-68.0,161.0,34.0,600.0,187.0,-32.0,-10.0,384.0,-61.0,69.0,-59.0,1301.0,-1458.0,11.0,-56.0,-31.0,-1432.0,-18.0,19.0,39.0,200.0,20.0,99.0,-18.0,-92.0,-309.0,89.0,2.0,-88.0,-381.0,-147.0,207.0,-100.0,-248.0,-386.0,-28.0,50.0,-33.0,440.0,54.0,-76.0,136.0,-10.0,215.0,97.0,-174.0,294.0,170.0,-20.0,-30.0,29.0,864.0,-67.0
10,2015-14,5287,575.0,-68.0,161.0,34.0,600.0,187.0,-32.0,-10.0,384.0,-61.0,69.0,-59.0,1301.0,-1458.0,11.0,-56.0,-31.0,-1432.0,-18.0,19.0,39.0,200.0,20.0,99.0,-18.0,-92.0,-309.0,89.0,2.0,-88.0,-381.0,-147.0,207.0,-100.0,-248.0,-386.0,-28.0,50.0,-33.0,440.0,54.0,-76.0,136.0,-10.0,215.0,97.0,-174.0,294.0,170.0,-20.0,-30.0,29.0,864.0
10,2015-15,5444,157.0,575.0,-68.0,161.0,34.0,600.0,187.0,-32.0,-10.0,384.0,-61.0,69.0,-59.0,1301.0,-1458.0,11.0,-56.0,-31.0,-1432.0,-18.0,19.0,39.0,200.0,20.0,99.0,-18.0,-92.0,-309.0,89.0,2.0,-88.0,-381.0,-147.0,207.0,-100.0,-248.0,-386.0,-28.0,50.0,-33.0,440.0,54.0,-76.0,136.0,-10.0,215.0,97.0,-174.0,294.0,170.0,-20.0,-30.0,29.0
10,2015-16,5352,-92.0,157.0,575.0,-68.0,161.0,34.0,600.0,187.0,-32.0,-10.0,384.0,-61.0,69.0,-59.0,1301.0,-1458.0,11.0,-56.0,-31.0,-1432.0,-18.0,19.0,39.0,200.0,20.0,99.0,-18.0,-92.0,-309.0,89.0,2.0,-88.0,-381.0,-147.0,207.0,-100.0,-248.0,-386.0,-28.0,50.0,-33.0,440.0,54.0,-76.0,136.0,-10.0,215.0,97.0,-174.0,294.0,170.0,-20.0,-30.0
10,2015-17,5535,183.0,-92.0,157.0,575.0,-68.0,161.0,34.0,600.0,187.0,-32.0,-10.0,384.0,-61.0,69.0,-59.0,1301.0,-1458.0,11.0,-56.0,-31.0,-1432.0,-18.0,19.0,39.0,200.0,20.0,99.0,-18.0,-92.0,-309.0,89.0,2.0,-88.0,-381.0,-147.0,207.0,-100.0,-248.0,-386.0,-28.0,50.0,-33.0,440.0,54.0,-76.0,136.0,-10.0,215.0,97.0,-174.0,294.0,170.0,-20.0
10,2015-18,5497,-38.0,183.0,-92.0,157.0,575.0,-68.0,161.0,34.0,600.0,187.0,-32.0,-10.0,384.0,-61.0,69.0,-59.0,1301.0,-1458.0,11.0,-56.0,-31.0,-1432.0,-18.0,19.0,39.0,200.0,20.0,99.0,-18.0,-92.0,-309.0,89.0,2.0,-88.0,-381.0,-147.0,207.0,-100.0,-248.0,-386.0,-28.0,50.0,-33.0,440.0,54.0,-76.0,136.0,-10.0,215.0,97.0,-174.0,294.0,170.0
10,2015-19,5732,235.0,-38.0,183.0,-92.0,157.0,575.0,-68.0,161.0,34.0,600.0,187.0,-32.0,-10.0,384.0,-61.0,69.0,-59.0,1301.0,-1458.0,11.0,-56.0,-31.0,-1432.0,-18.0,19.0,39.0,200.0,20.0,99.0,-18.0,-92.0,-309.0,89.0,2.0,-88.0,-381.0,-147.0,207.0,-100.0,-248.0,-386.0,-28.0,50.0,-33.0,440.0,54.0,-76.0,136.0,-10.0,215.0,97.0,-174.0,294.0
10,2015-20,5819,87.0,235.0,-38.0,183.0,-92.0,157.0,575.0,-68.0,161.0,34.0,600.0,187.0,-32.0,-10.0,384.0,-61.0,69.0,-59.0,1301.0,-1458.0,11.0,-56.0,-31.0,-1432.0,-18.0,19.0,39.0,200.0,20.0,99.0,-18.0,-92.0,-309.0,89.0,2.0,-88.0,-381.0,-147.0,207.0,-100.0,-248.0,-386.0,-28.0,50.0,-33.0,440.0,54.0,-76.0,136.0,-10.0,215.0,97.0,-174.0
10,2015-21,5846,27.0,87.0,235.0,-38.0,183.0,-92.0,157.0,575.0,-68.0,161.0,34.0,600.0,187.0,-32.0,-10.0,384.0,-61.0,69.0,-59.0,1301.0,-1458.0,11.0,-56.0,-31.0,-1432.0,-18.0,19.0,39.0,200.0,20.0,99.0,-18.0,-92.0,-309.0,89.0,2.0,-88.0,-381.0,-147.0,207.0,-100.0,-248.0,-386.0,-28.0,50.0,-33.0,440.0,54.0,-76.0,136.0,-10.0,215.0,97.0
10,2015-22,5774,-72.0,27.0,87.0,235.0,-38.0,183.0,-92.0,157.0,575.0,-68.0,161.0,34.0,600.0,187.0,-32.0,-10.0,384.0,-61.0,69.0,-59.0,1301.0,-1458.0,11.0,-56.0,-31.0,-1432.0,-18.0,19.0,39.0,200.0,20.0,99.0,-18.0,-92.0,-309.0,89.0,2.0,-88.0,-381.0,-147.0,207.0,-100.0,-248.0,-386.0,-28.0,50.0,-33.0,440.0,54.0,-76.0,136.0,-10.0,215.0
10,2015-23,6174,400.0,-72.0,27.0,87.0,235.0,-38.0,183.0,-92.0,157.0,575.0,-68.0,161.0,34.0,600.0,187.0,-32.0,-10.0,384.0,-61.0,69.0,-59.0,1301.0,-1458.0,11.0,-56.0,-31.0,-1432.0,-18.0,19.0,39.0,200.0,20.0,99.0,-18.0,-92.0,-309.0,89.0,2.0,-88.0,-381.0,-147.0,207.0,-100.0,-248.0,-386.0,-28.0,50.0,-33.0,440.0,54.0,-76.0,136.0,-10.0
10,2015-24,6148,-26.0,400.0,-72.0,27.0,87.0,235.0,-38.0,183.0,-92.0,157.0,575.0,-68.0,161.0,34.0,600.0,187.0,-32.0,-10.0,384.0,-61.0,69.0,-59.0,1301.0,-1458.0,11.0,-56.0,-31.0,-1432.0,-18.0,19.0,39.0,200.0,20.0,99.0,-18.0,-92.0,-309.0,89.0,2.0,-88.0,-381.0,-147.0,207.0,-100.0,-248.0,-386.0,-28.0,50.0,-33.0,440.0,54.0,-76.0,136.0
10,2015-25,6144,-4.0,-26.0,400.0,-72.0,27.0,87.0,235.0,-38.0,183.0,-92.0,157.0,575.0,-68.0,161.0,34.0,600.0,187.0,-32.0,-10.0,384.0,-61.0,69.0,-59.0,1301.0,-1458.0,11.0,-56.0,-31.0,-1432.0,-18.0,19.0,39.0,200.0,20.0,99.0,-18.0,-92.0,-309.0,89.0,2.0,-88.0,-381.0,-147.0,207.0,-100.0,-248.0,-386.0,-28.0,50.0,-33.0,440.0,54.0,-76.0
10,2015-26,6161,17.0,-4.0,-26.0,400.0,-72.0,27.0,87.0,235.0,-38.0,183.0,-92.0,157.0,575.0,-68.0,161.0,34.0,600.0,187.0,-32.0,-10.0,384.0,-61.0,69.0,-59.0,1301.0,-1458.0,11.0,-56.0,-31.0,-1432.0,-18.0,19.0,39.0,200.0,20.0,99.0,-18.0,-92.0,-309.0,89.0,2.0,-88.0,-381.0,-147.0,207.0,-100.0,-248.0,-386.0,-28.0,50.0,-33.0,440.0,54.0
10,2015-27,6522,361.0,17.0,-4.0,-26.0,400.0,-72.0,27.0,87.0,235.0,-38.0,183.0,-92.0,157.0,575.0,-68.0,161.0,34.0,600.0,187.0,-32.0,-10.0,384.0,-61.0,69.0,-59.0,1301.0,-1458.0,11.0,-56.0,-31.0,-1432.0,-18.0,19.0,39.0,200.0,20.0,99.0,-18.0,-92.0,-309.0,89.0,2.0,-88.0,-381.0,-147.0,207.0,-100.0,-248.0,-386.0,-28.0,50.0,-33.0,440.0
10,2015-28,6659,137.0,361.0,17.0,-4.0,-26.0,400.0,-72.0,27.0,87.0,235.0,-38.0,183.0,-92.0,157.0,575.0,-68.0,161.0,34.0,600.0,187.0,-32.0,-10.0,384.0,-61.0,69.0,-59.0,1301.0,-1458.0,11.0,-56.0,-31.0,-1432.0,-18.0,19.0,39.0,200.0,20.0,99.0,-18.0,-92.0,-309.0,89.0,2.0,-88.0,-381.0,-147.0,207.0,-100.0,-248.0,-386.0,-28.0,50.0,-33.0
10,2015-29,6637,-22.0,137.0,361.0,17.0,-4.0,-26.0,400.0,-72.0,27.0,87.0,235.0,-38.0,183.0,-92.0,157.0,575.0,-68.0,161.0,34.0,600.0,187.0,-32.0,-10.0,384.0,-61.0,69.0,-59.0,1301.0,-1458.0,11.0,-56.0,-31.0,-1432.0,-18.0,19.0,39.0,200.0,20.0,99.0,-18.0,-92.0,-309.0,89.0,2.0,-88.0,-381.0,-147.0,207.0,-100.0,-248.0,-386.0,-28.0,50.0
10,2015-30,6580,-57.0,-22.0,137.0,361.0,17.0,-4.0,-26.0,400.0,-72.0,27.0,87.0,235.0,-38.0,183.0,-92.0,157.0,575.0,-68.0,161.0,34.0,600.0,187.0,-32.0,-10.0,384.0,-61.0,69.0,-59.0,1301.0,-1458.0,11.0,-56.0,-31.0,-1432.0,-18.0,19.0,39.0,200.0,20.0,99.0,-18.0,-92.0,-309.0,89.0,2.0,-88.0,-381.0,-147.0,207.0,-100.0,-248.0,-386.0,-28.0
10,2015-31,6288,-292.0,-57.0,-22.0,137.0,361.0,17.0,-4.0,-26.0,400.0,-72.0,27.0,87.0,235.0,-38.0,183.0,-92.0,157.0,575.0,-68.0,161.0,34.0,600.0,187.0,-32.0,-10.0,384.0,-61.0,69.0,-59.0,1301.0,-1458.0,11.0,-56.0,-31.0,-1432.0,-18.0,19.0,39.0,200.0,20.0,99.0,-18.0,-92.0,-309.0,89.0,2.0,-88.0,-381.0,-147.0,207.0,-100.0,-248.0,-386.0
10,2015-32,5811,-477.0,-292.0,-57.0,-22.0,137.0,361.0,17.0,-4.0,-26.0,400.0,-72.0,27.0,87.0,235.0,-38.0,183.0,-92.0,157.0,575.0,-68.0,161.0,34.0,600.0,187.0,-32.0,-10.0,384.0,-61.0,69.0,-59.0,1301.0,-1458.0,11.0,-56.0,-31.0,-1432.0,-18.0,19.0,39.0,200.0,20.0,99.0,-18.0,-92.0,-309.0,89.0,2.0,-88.0,-381.0,-147.0,207.0,-100.0,-248.0
10,2015-33,5798,-13.0,-477.0,-292.0,-57.0,-22.0,137.0,361.0,17.0,-4.0,-26.0,400.0,-72.0,27.0,87.0,235.0,-38.0,183.0,-92.0,157.0,575.0,-68.0,161.0,34.0,600.0,187.0,-32.0,-10.0,384.0,-61.0,69.0,-59.0,1301.0,-1458.0,11.0,-56.0,-31.0,-1432.0,-18.0,19.0,39.0,200.0,20.0,99.0,-18.0,-92.0,-309.0,89.0,2.0,-88.0,-381.0,-147.0,207.0,-100.0
10,2015-34,5749,-49.0,-13.0,-477.0,-292.0,-57.0,-22.0,137.0,361.0,17.0,-4.0,-26.0,400.0,-72.0,27.0,87.0,235.0,-38.0,183.0,-92.0,157.0,575.0,-68.0,161.0,34.0,600.0,187.0,-32.0,-10.0,384.0,-61.0,69.0,-59.0,1301.0,-1458.0,11.0,-56.0,-31.0,-1432.0,-18.0,19.0,39.0,200.0,20.0,99.0,-18.0,-92.0,-309.0,89.0,2.0,-88.0,-381.0,-147.0,207.0
10,2015-35,5628,-121.0,-49.0,-13.0,-477.0,-292.0,-57.0,-22.0,137.0,361.0,17.0,-4.0,-26.0,400.0,-72.0,27.0,87.0,235.0,-38.0,183.0,-92.0,157.0,575.0,-68.0,161.0,34.0,600.0,187.0,-32.0,-10.0,384.0,-61.0,69.0,-59.0,1301.0,-1458.0,11.0,-56.0,-31.0,-1432.0,-18.0,19.0,39.0,200.0,20.0,99.0,-18.0,-92.0,-309.0,89.0,2.0,-88.0,-381.0,-147.0
10,2015-36,5491,-137.0,-121.0,-49.0,-13.0,-477.0,-292.0,-57.0,-22.0,137.0,361.0,17.0,-4.0,-26.0,400.0,-72.0,27.0,87.0,235.0,-38.0,183.0,-92.0,157.0,575.0,-68.0,161.0,34.0,600.0,187.0,-32.0,-10.0,384.0,-61.0,69.0,-59.0,1301.0,-1458.0,11.0,-56.0,-31.0,-1432.0,-18.0,19.0,39.0,200.0,20.0,99.0,-18.0,-92.0,-309.0,89.0,2.0,-88.0,-381.0
10,2015-37,5383,-108.0,-137.0,-121.0,-49.0,-13.0,-477.0,-292.0,-57.0,-22.0,137.0,361.0,17.0,-4.0,-26.0,400.0,-72.0,27.0,87.0,235.0,-38.0,183.0,-92.0,157.0,575.0,-68.0,161.0,34.0,600.0,187.0,-32.0,-10.0,384.0,-61.0,69.0,-59.0,1301.0,-1458.0,11.0,-56.0,-31.0,-1432.0,-18.0,19.0,39.0,200.0,20.0,99.0,-18.0,-92.0,-309.0,89.0,2.0,-88.0
10,2015-38,5463,80.0,-108.0,-137.0,-121.0,-49.0,-13.0,-477.0,-292.0,-57.0,-22.0,137.0,361.0,17.0,-4.0,-26.0,400.0,-72.0,27.0,87.0,235.0,-38.0,183.0,-92.0,157.0,575.0,-68.0,161.0,34.0,600.0,187.0,-32.0,-10.0,384.0,-61.0,69.0,-59.0,1301.0,-1458.0,11.0,-56.0,-31.0,-1432.0,-18.0,19.0,39.0,200.0,20.0,99.0,-18.0,-92.0,-309.0,89.0,2.0
10,2015-39,5275,-188.0,80.0,-108.0,-137.0,-121.0,-49.0,-13.0,-477.0,-292.0,-57.0,-22.0,137.0,361.0,17.0,-4.0,-26.0,400.0,-72.0,27.0,87.0,235.0,-38.0,183.0,-92.0,157.0,575.0,-68.0,161.0,34.0,600.0,187.0,-32.0,-10.0,384.0,-61.0,69.0,-59.0,1301.0,-1458.0,11.0,-56.0,-31.0,-1432.0,-18.0,19.0,39.0,200.0,20.0,99.0,-18.0,-92.0,-309.0,89.0
10,2015-40,5300,25.0,-188.0,80.0,-108.0,-137.0,-121.0,-49.0,-13.0,-477.0,-292.0,-57.0,-22.0,137.0,361.0,17.0,-4.0,-26.0,400.0,-72.0,27.0,87.0,235.0,-38.0,183.0,-92.0,157.0,575.0,-68.0,161.0,34.0,600.0,187.0,-32.0,-10.0,384.0,-61.0,69.0,-59.0,1301.0,-1458.0,11.0,-56.0,-31.0,-1432.0,-18.0,19.0,39.0,200.0,20.0,99.0,-18.0,-92.0,-309.0
10,2015-41,5006,-294.0,25.0,-188.0,80.0,-108.0,-137.0,-121.0,-49.0,-13.0,-477.0,-292.0,-57.0,-22.0,137.0,361.0,17.0,-4.0,-26.0,400.0,-72.0,27.0,87.0,235.0,-38.0,183.0,-92.0,157.0,575.0,-68.0,161.0,34.0,600.0,187.0,-32.0,-10.0,384.0,-61.0,69.0,-59.0,1301.0,-1458.0,11.0,-56.0,-31.0,-1432.0,-18.0,19.0,39.0,200.0,20.0,99.0,-18.0,-92.0
10,2015-42,5089,83.0,-294.0,25.0,-188.0,80.0,-108.0,-137.0,-121.0,-49.0,-13.0,-477.0,-292.0,-57.0,-22.0,137.0,361.0,17.0,-4.0,-26.0,400.0,-72.0,27.0,87.0,235.0,-38.0,183.0,-92.0,157.0,575.0,-68.0,161.0,34.0,600.0,187.0,-32.0,-10.0,384.0,-61.0,69.0,-59.0,1301.0,-1458.0,11.0,-56.0,-31.0,-1432.0,-18.0,19.0,39.0,200.0,20.0,99.0,-18.0
10,2015-43,4844,-245.0,83.0,-294.0,25.0,-188.0,80.0,-108.0,-137.0,-121.0,-49.0,-13.0,-477.0,-292.0,-57.0,-22.0,137.0,361.0,17.0,-4.0,-26.0,400.0,-72.0,27.0,87.0,235.0,-38.0,183.0,-92.0,157.0,575.0,-68.0,161.0,34.0,600.0,187.0,-32.0,-10.0,384.0,-61.0,69.0,-59.0,1301.0,-1458.0,11.0,-56.0,-31.0,-1432.0,-18.0,19.0,39.0,200.0,20.0,99.0
10,2015-44,5048,204.0,-245.0,83.0,-294.0,25.0,-188.0,80.0,-108.0,-137.0,-121.0,-49.0,-13.0,-477.0,-292.0,-57.0,-22.0,137.0,361.0,17.0,-4.0,-26.0,400.0,-72.0,27.0,87.0,235.0,-38.0,183.0,-92.0,157.0,575.0,-68.0,161.0,34.0,600.0,187.0,-32.0,-10.0,384.0,-61.0,69.0,-59.0,1301.0,-1458.0,11.0,-56.0,-31.0,-1432.0,-18.0,19.0,39.0,200.0,20.0
10,2015-45,5451,403.0,204.0,-245.0,83.0,-294.0,25.0,-188.0,80.0,-108.0,-137.0,-121.0,-49.0,-13.0,-477.0,-292.0,-57.0,-22.0,137.0,361.0,17.0,-4.0,-26.0,400.0,-72.0,27.0,87.0,235.0,-38.0,183.0,-92.0,157.0,575.0,-68.0,161.0,34.0,600.0,187.0,-32.0,-10.0,384.0,-61.0,69.0,-59.0,1301.0,-1458.0,11.0,-56.0,-31.0,-1432.0,-18.0,19.0,39.0,200.0
10,2015-46,5409,-42.0,403.0,204.0,-245.0,83.0,-294.0,25.0,-188.0,80.0,-108.0,-137.0,-121.0,-49.0,-13.0,-477.0,-292.0,-57.0,-22.0,137.0,361.0,17.0,-4.0,-26.0,400.0,-72.0,27.0,87.0,235.0,-38.0,183.0,-92.0,157.0,575.0,-68.0,161.0,34.0,600.0,187.0,-32.0,-10.0,384.0,-61.0,69.0,-59.0,1301.0,-1458.0,11.0,-56.0,-31.0,-1432.0,-18.0,19.0,39.0
10,2015-47,5366,-43.0,-42.0,403.0,204.0,-245.0,83.0,-294.0,25.0,-188.0,80.0,-108.0,-137.0,-121.0,-49.0,-13.0,-477.0,-292.0,-57.0,-22.0,137.0,361.0,17.0,-4.0,-26.0,400.0,-72.0,27.0,87.0,235.0,-38.0,183.0,-92.0,157.0,575.0,-68.0,161.0,34.0,600.0,187.0,-32.0,-10.0,384.0,-61.0,69.0,-59.0,1301.0,-1458.0,11.0,-56.0,-31.0,-1432.0,-18.0,19.0
10,2015-48,5381,15.0,-43.0,-42.0,403.0,204.0,-245.0,83.0,-294.0,25.0,-188.0,80.0,-108.0,-137.0,-121.0,-49.0,-13.0,-477.0,-292.0,-57.0,-22.0,137.0,361.0,17.0,-4.0,-26.0,400.0,-72.0,27.0,87.0,235.0,-38.0,183.0,-92.0,157.0,575.0,-68.0,161.0,34.0,600.0,187.0,-32.0,-10.0,384.0,-61.0,69.0,-59.0,1301.0,-1458.0,11.0,-56.0,-31.0,-1432.0,-18.0
10,2015-49,4013,-1368.0,15.0,-43.0,-42.0,403.0,204.0,-245.0,83.0,-294.0,25.0,-188.0,80.0,-108.0,-137.0,-121.0,-49.0,-13.0,-477.0,-292.0,-57.0,-22.0,137.0,361.0,17.0,-4.0,-26.0,400.0,-72.0,27.0,87.0,235.0,-38.0,183.0,-92.0,157.0,575.0,-68.0,161.0,34.0,600.0,187.0,-32.0,-10.0,384.0,-61.0,69.0,-59.0,1301.0,-1458.0,11.0,-56.0,-31.0,-1432.0
10,2015-50,3882,-131.0,-1368.0,15.0,-43.0,-42.0,403.0,204.0,-245.0,83.0,-294.0,25.0,-188.0,80.0,-108.0,-137.0,-121.0,-49.0,-13.0,-477.0,-292.0,-57.0,-22.0,137.0,361.0,17.0,-4.0,-26.0,400.0,-72.0,27.0,87.0,235.0,-38.0,183.0,-92.0,157.0,575.0,-68.0,161.0,34.0,600.0,187.0,-32.0,-10.0,384.0,-61.0,69.0,-59.0,1301.0,-1458.0,11.0,-56.0,-31.0
10,2015-51,3776,-106.0,-131.0,-1368.0,15.0,-43.0,-42.0,403.0,204.0,-245.0,83.0,-294.0,25.0,-188.0,80.0,-108.0,-137.0,-121.0,-49.0,-13.0,-477.0,-292.0,-57.0,-22.0,137.0,361.0,17.0,-4.0,-26.0,400.0,-72.0,27.0,87.0,235.0,-38.0,183.0,-92.0,157.0,575.0,-68.0,161.0,34.0,600.0,187.0,-32.0,-10.0,384.0,-61.0,69.0,-59.0,1301.0,-1458.0,11.0,-56.0
10,2015-52,3759,-17.0,-106.0,-131.0,-1368.0,15.0,-43.0,-42.0,403.0,204.0,-245.0,83.0,-294.0,25.0,-188.0,80.0,-108.0,-137.0,-121.0,-49.0,-13.0,-477.0,-292.0,-57.0,-22.0,137.0,361.0,17.0,-4.0,-26.0,400.0,-72.0,27.0,87.0,235.0,-38.0,183.0,-92.0,157.0,575.0,-68.0,161.0,34.0,600.0,187.0,-32.0,-10.0,384.0,-61.0,69.0,-59.0,1301.0,-1458.0,11.0
10,2015-53,1966,-1793.0,-17.0,-106.0,-131.0,-1368.0,15.0,-43.0,-42.0,403.0,204.0,-245.0,83.0,-294.0,25.0,-188.0,80.0,-108.0,-137.0,-121.0,-49.0,-13.0,-477.0,-292.0,-57.0,-22.0,137.0,361.0,17.0,-4.0,-26.0,400.0,-72.0,27.0,87.0,235.0,-38.0,183.0,-92.0,157.0,575.0,-68.0,161.0,34.0,600.0,187.0,-32.0,-10.0,384.0,-61.0,69.0,-59.0,1301.0,-1458.0
10,2016-01,3811,1845.0,-1793.0,-17.0,-106.0,-131.0,-1368.0,15.0,-43.0,-42.0,403.0,204.0,-245.0,83.0,-294.0,25.0,-188.0,80.0,-108.0,-137.0,-121.0,-49.0,-13.0,-477.0,-292.0,-57.0,-22.0,137.0,361.0,17.0,-4.0,-26.0,400.0,-72.0,27.0,87.0,235.0,-38.0,183.0,-92.0,157.0,575.0,-68.0,161.0,34.0,600.0,187.0,-32.0,-10.0,384.0,-61.0,69.0,-59.0,1301.0
10,2016-02,3922,111.0,1845.0,-1793.0,-17.0,-106.0,-131.0,-1368.0,15.0,-43.0,-42.0,403.0,204.0,-245.0,83.0,-294.0,25.0,-188.0,80.0,-108.0,-137.0,-121.0,-49.0,-13.0,-477.0,-292.0,-57.0,-22.0,137.0,361.0,17.0,-4.0,-26.0,400.0,-72.0,27.0,87.0,235.0,-38.0,183.0,-92.0,157.0,575.0,-68.0,161.0,34.0,600.0,187.0,-32.0,-10.0,384.0,-61.0,69.0,-59.0
10,2016-03,3791,-131.0,111.0,1845.0,-1793.0,-17.0,-106.0,-131.0,-1368.0,15.0,-43.0,-42.0,403.0,204.0,-245.0,83.0,-294.0,25.0,-188.0,80.0,-108.0,-137.0,-121.0,-49.0,-13.0,-477.0,-292.0,-57.0,-22.0,137.0,361.0,17.0,-4.0,-26.0,400.0,-72.0,27.0,87.0,235.0,-38.0,183.0,-92.0,157.0,575.0,-68.0,161.0,34.0,600.0,187.0,-32.0,-10.0,384.0,-61.0,69.0
10,2016-04,3797,6.0,-131.0,111.0,1845.0,-1793.0,-17.0,-106.0,-131.0,-1368.0,15.0,-43.0,-42.0,403.0,204.0,-245.0,83.0,-294.0,25.0,-188.0,80.0,-108.0,-137.0,-121.0,-49.0,-13.0,-477.0,-292.0,-57.0,-22.0,137.0,361.0,17.0,-4.0,-26.0,400.0,-72.0,27.0,87.0,235.0,-38.0,183.0,-92.0,157.0,575.0,-68.0,161.0,34.0,600.0,187.0,-32.0,-10.0,384.0,-61.0
10,2016-05,4207,410.0,6.0,-131.0,111.0,1845.0,-1793.0,-17.0,-106.0,-131.0,-1368.0,15.0,-43.0,-42.0,403.0,204.0,-245.0,83.0,-294.0,25.0,-188.0,80.0,-108.0,-137.0,-121.0,-49.0,-13.0,-477.0,-292.0,-57.0,-22.0,137.0,361.0,17.0,-4.0,-26.0,400.0,-72.0,27.0,87.0,235.0,-38.0,183.0,-92.0,157.0,575.0,-68.0,161.0,34.0,600.0,187.0,-32.0,-10.0,384.0
10,2016-06,4156,-51.0,410.0,6.0,-131.0,111.0,1845.0,-1793.0,-17.0,-106.0,-131.0,-1368.0,15.0,-43.0,-42.0,403.0,204.0,-245.0,83.0,-294.0,25.0,-188.0,80.0,-108.0,-137.0,-121.0,-49.0,-13.0,-477.0,-292.0,-57.0,-22.0,137.0,361.0,17.0,-4.0,-26.0,400.0,-72.0,27.0,87.0,235.0,-38.0,183.0,-92.0,157.0,575.0,-68.0,161.0,34.0,600.0,187.0,-32.0,-10.0
10,2016-07,4237,81.0,-51.0,410.0,6.0,-131.0,111.0,1845.0,-1793.0,-17.0,-106.0,-131.0,-1368.0,15.0,-43.0,-42.0,403.0,204.0,-245.0,83.0,-294.0,25.0,-188.0,80.0,-108.0,-137.0,-121.0,-49.0,-13.0,-477.0,-292.0,-57.0,-22.0,137.0,361.0,17.0,-4.0,-26.0,400.0,-72.0,27.0,87.0,235.0,-38.0,183.0,-92.0,157.0,575.0,-68.0,161.0,34.0,600.0,187.0,-32.0
10,2016-08,4175,-62.0,81.0,-51.0,410.0,6.0,-131.0,111.0,1845.0,-1793.0,-17.0,-106.0,-131.0,-1368.0,15.0,-43.0,-42.0,403.0,204.0,-245.0,83.0,-294.0,25.0,-188.0,80.0,-108.0,-137.0,-121.0,-49.0,-13.0,-477.0,-292.0,-57.0,-22.0,137.0,361.0,17.0,-4.0,-26.0,400.0,-72.0,27.0,87.0,235.0,-38.0,183.0,-92.0,157.0,575.0,-68.0,161.0,34.0,600.0,187.0
10,2016-09,4953,778.0,-62.0,81.0,-51.0,410.0,6.0,-131.0,111.0,1845.0,-1793.0,-17.0,-106.0,-131.0,-1368.0,15.0,-43.0,-42.0,403.0,204.0,-245.0,83.0,-294.0,25.0,-188.0,80.0,-108.0,-137.0,-121.0,-49.0,-13.0,-477.0,-292.0,-57.0,-22.0,137.0,361.0,17.0,-4.0,-26.0,400.0,-72.0,27.0,87.0,235.0,-38.0,183.0,-92.0,157.0,575.0,-68.0,161.0,34.0,600.0
10,2016-10,5039,86.0,778.0,-62.0,81.0,-51.0,410.0,6.0,-131.0,111.0,1845.0,-1793.0,-17.0,-106.0,-131.0,-1368.0,15.0,-43.0,-42.0,403.0,204.0,-245.0,83.0,-294.0,25.0,-188.0,80.0,-108.0,-137.0,-121.0,-49.0,-13.0,-477.0,-292.0,-57.0,-22.0,137.0,361.0,17.0,-4.0,-26.0,400.0,-72.0,27.0,87.0,235.0,-38.0,183.0,-92.0,157.0,575.0,-68.0,161.0,34.0
10,2016-11,5004,-35.0,86.0,778.0,-62.0,81.0,-51.0,410.0,6.0,-131.0,111.0,1845.0,-1793.0,-17.0,-106.0,-131.0,-1368.0,15.0,-43.0,-42.0,403.0,204.0,-245.0,83.0,-294.0,25.0,-188.0,80.0,-108.0,-137.0,-121.0,-49.0,-13.0,-477.0,-292.0,-57.0,-22.0,137.0,361.0,17.0,-4.0,-26.0,400.0,-72.0,27.0,87.0,235.0,-38.0,183.0,-92.0,157.0,575.0,-68.0,161.0
10,2016-12,5065,61.0,-35.0,86.0,778.0,-62.0,81.0,-51.0,410.0,6.0,-131.0,111.0,1845.0,-1793.0,-17.0,-106.0,-131.0,-1368.0,15.0,-43.0,-42.0,403.0,204.0,-245.0,83.0,-294.0,25.0,-188.0,80.0,-108.0,-137.0,-121.0,-49.0,-13.0,-477.0,-292.0,-57.0,-22.0,137.0,361.0,17.0,-4.0,-26.0,400.0,-72.0,27.0,87.0,235.0,-38.0,183.0,-92.0,157.0,575.0,-68.0
10,2016-13,5415,350.0,61.0,-35.0,86.0,778.0,-62.0,81.0,-51.0,410.0,6.0,-131.0,111.0,1845.0,-1793.0,-17.0,-106.0,-131.0,-1368.0,15.0,-43.0,-42.0,403.0,204.0,-245.0,83.0,-294.0,25.0,-188.0,80.0,-108.0,-137.0,-121.0,-49.0,-13.0,-477.0,-292.0,-57.0,-22.0,137.0,361.0,17.0,-4.0,-26.0,400.0,-72.0,27.0,87.0,235.0,-38.0,183.0,-92.0,157.0,575.0
10,2016-14,5773,358.0,350.0,61.0,-35.0,86.0,778.0,-62.0,81.0,-51.0,410.0,6.0,-131.0,111.0,1845.0,-1793.0,-17.0,-106.0,-131.0,-1368.0,15.0,-43.0,-42.0,403.0,204.0,-245.0,83.0,-294.0,25.0,-188.0,80.0,-108.0,-137.0,-121.0,-49.0,-13.0,-477.0,-292.0,-57.0,-22.0,137.0,361.0,17.0,-4.0,-26.0,400.0,-72.0,27.0,87.0,235.0,-38.0,183.0,-92.0,157.0
10,2016-15,5754,-19.0,358.0,350.0,61.0,-35.0,86.0,778.0,-62.0,81.0,-51.0,410.0,6.0,-131.0,111.0,1845.0,-1793.0,-17.0,-106.0,-131.0,-1368.0,15.0,-43.0,-42.0,403.0,204.0,-245.0,83.0,-294.0,25.0,-188.0,80.0,-108.0,-137.0,-121.0,-49.0,-13.0,-477.0,-292.0,-57.0,-22.0,137.0,361.0,17.0,-4.0,-26.0,400.0,-72.0,27.0,87.0,235.0,-38.0,183.0,-92.0
10,2016-16,5877,123.0,-19.0,358.0,350.0,61.0,-35.0,86.0,778.0,-62.0,81.0,-51.0,410.0,6.0,-131.0,111.0,1845.0,-1793.0,-17.0,-106.0,-131.0,-1368.0,15.0,-43.0,-42.0,403.0,204.0,-245.0,83.0,-294.0,25.0,-188.0,80.0,-108.0,-137.0,-121.0,-49.0,-13.0,-477.0,-292.0,-57.0,-22.0,137.0,361.0,17.0,-4.0,-26.0,400.0,-72.0,27.0,87.0,235.0,-38.0,183.0
10,2016-17,5981,104.0,123.0,-19.0,358.0,350.0,61.0,-35.0,86.0,778.0,-62.0,81.0,-51.0,410.0,6.0,-131.0,111.0,1845.0,-1793.0,-17.0,-106.0,-131.0,-1368.0,15.0,-43.0,-42.0,403.0,204.0,-245.0,83.0,-294.0,25.0,-188.0,80.0,-108.0,-137.0,-121.0,-49.0,-13.0,-477.0,-292.0,-57.0,-22.0,137.0,361.0,17.0,-4.0,-26.0,400.0,-72.0,27.0,87.0,235.0,-38.0
10,2016-18,6371,390.0,104.0,123.0,-19.0,358.0,350.0,61.0,-35.0,86.0,778.0,-62.0,81.0,-51.0,410.0,6.0,-131.0,111.0,1845.0,-1793.0,-17.0,-106.0,-131.0,-1368.0,15.0,-43.0,-42.0,403.0,204.0,-245.0,83.0,-294.0,25.0,-188.0,80.0,-108.0,-137.0,-121.0,-49.0,-13.0,-477.0,-292.0,-57.0,-22.0,137.0,361.0,17.0,-4.0,-26.0,400.0,-72.0,27.0,87.0,235.0
10,2016-19,6323,-48.0,390.0,104.0,123.0,-19.0,358.0,350.0,61.0,-35.0,86.0,778.0,-62.0,81.0,-51.0,410.0,6.0,-131.0,111.0,1845.0,-1793.0,-17.0,-106.0,-131.0,-1368.0,15.0,-43.0,-42.0,403.0,204.0,-245.0,83.0,-294.0,25.0,-188.0,80.0,-108.0,-137.0,-121.0,-49.0,-13.0,-477.0,-292.0,-57.0,-22.0,137.0,361.0,17.0,-4.0,-26.0,400.0,-72.0,27.0,87.0
10,2016-20,6298,-25.0,-48.0,390.0,104.0,123.0,-19.0,358.0,350.0,61.0,-35.0,86.0,778.0,-62.0,81.0,-51.0,410.0,6.0,-131.0,111.0,1845.0,-1793.0,-17.0,-106.0,-131.0,-1368.0,15.0,-43.0,-42.0,403.0,204.0,-245.0,83.0,-294.0,25.0,-188.0,80.0,-108.0,-137.0,-121.0,-49.0,-13.0,-477.0,-292.0,-57.0,-22.0,137.0,361.0,17.0,-4.0,-26.0,400.0,-72.0,27.0
10,2016-21,6281,-17.0,-25.0,-48.0,390.0,104.0,123.0,-19.0,358.0,350.0,61.0,-35.0,86.0,778.0,-62.0,81.0,-51.0,410.0,6.0,-131.0,111.0,1845.0,-1793.0,-17.0,-106.0,-131.0,-1368.0,15.0,-43.0,-42.0,403.0,204.0,-245.0,83.0,-294.0,25.0,-188.0,80.0,-108.0,-137.0,-121.0,-49.0,-13.0,-477.0,-292.0,-57.0,-22.0,137.0,361.0,17.0,-4.0,-26.0,400.0,-72.0
10,2016-22,6591,310.0,-17.0,-25.0,-48.0,390.0,104.0,123.0,-19.0,358.0,350.0,61.0,-35.0,86.0,778.0,-62.0,81.0,-51.0,410.0,6.0,-131.0,111.0,1845.0,-1793.0,-17.0,-106.0,-131.0,-1368.0,15.0,-43.0,-42.0,403.0,204.0,-245.0,83.0,-294.0,25.0,-188.0,80.0,-108.0,-137.0,-121.0,-49.0,-13.0,-477.0,-292.0,-57.0,-22.0,137.0,361.0,17.0,-4.0,-26.0,400.0
10,2016-23,6547,-44.0,310.0,-17.0,-25.0,-48.0,390.0,104.0,123.0,-19.0,358.0,350.0,61.0,-35.0,86.0,778.0,-62.0,81.0,-51.0,410.0,6.0,-131.0,111.0,1845.0,-1793.0,-17.0,-106.0,-131.0,-1368.0,15.0,-43.0,-42.0,403.0,204.0,-245.0,83.0,-294.0,25.0,-188.0,80.0,-108.0,-137.0,-121.0,-49.0,-13.0,-477.0,-292.0,-57.0,-22.0,137.0,361.0,17.0,-4.0,-26.0
10,2016-24,6582,35.0,-44.0,310.0,-17.0,-25.0,-48.0,390.0,104.0,123.0,-19.0,358.0,350.0,61.0,-35.0,86.0,778.0,-62.0,81.0,-51.0,410.0,6.0,-131.0,111.0,1845.0,-1793.0,-17.0,-106.0,-131.0,-1368.0,15.0,-43.0,-42.0,403.0,204.0,-245.0,83.0,-294.0,25.0,-188.0,80.0,-108.0,-137.0,-121.0,-49.0,-13.0,-477.0,-292.0,-57.0,-22.0,137.0,361.0,17.0,-4.0
10,2016-25,6660,78.0,35.0,-44.0,310.0,-17.0,-25.0,-48.0,390.0,104.0,123.0,-19.0,358.0,350.0,61.0,-35.0,86.0,778.0,-62.0,81.0,-51.0,410.0,6.0,-131.0,111.0,1845.0,-1793.0,-17.0,-106.0,-131.0,-1368.0,15.0,-43.0,-42.0,403.0,204.0,-245.0,83.0,-294.0,25.0,-188.0,80.0,-108.0,-137.0,-121.0,-49.0,-13.0,-477.0,-292.0,-57.0,-22.0,137.0,361.0,17.0
10,2016-26,6937,277.0,78.0,35.0,-44.0,310.0,-17.0,-25.0,-48.0,390.0,104.0,123.0,-19.0,358.0,350.0,61.0,-35.0,86.0,778.0,-62.0,81.0,-51.0,410.0,6.0,-131.0,111.0,1845.0,-1793.0,-17.0,-106.0,-131.0,-1368.0,15.0,-43.0,-42.0,403.0,204.0,-245.0,83.0,-294.0,25.0,-188.0,80.0,-108.0,-137.0,-121.0,-49.0,-13.0,-477.0,-292.0,-57.0,-22.0,137.0,361.0
10,2016-27,7206,269.0,277.0,78.0,35.0,-44.0,310.0,-17.0,-25.0,-48.0,390.0,104.0,123.0,-19.0,358.0,350.0,61.0,-35.0,86.0,778.0,-62.0,81.0,-51.0,410.0,6.0,-131.0,111.0,1845.0,-1793.0,-17.0,-106.0,-131.0,-1368.0,15.0,-43.0,-42.0,403.0,204.0,-245.0,83.0,-294.0,25.0,-188.0,80.0,-108.0,-137.0,-121.0,-49.0,-13.0,-477.0,-292.0,-57.0,-22.0,137.0
10,2016-28,7094,-112.0,269.0,277.0,78.0,35.0,-44.0,310.0,-17.0,-25.0,-48.0,390.0,104.0,123.0,-19.0,358.0,350.0,61.0,-35.0,86.0,778.0,-62.0,81.0,-51.0,410.0,6.0,-131.0,111.0,1845.0,-1793.0,-17.0,-106.0,-131.0,-1368.0,15.0,-43.0,-42.0,403.0,204.0,-245.0,83.0,-294.0,25.0,-188.0,80.0,-108.0,-137.0,-121.0,-49.0,-13.0,-477.0,-292.0,-57.0,-22.0
10,2016-29,6999,-95.0,-112.0,269.0,277.0,78.0,35.0,-44.0,310.0,-17.0,-25.0,-48.0,390.0,104.0,123.0,-19.0,358.0,350.0,61.0,-35.0,86.0,778.0,-62.0,81.0,-51.0,410.0,6.0,-131.0,111.0,1845.0,-1793.0,-17.0,-106.0,-131.0,-1368.0,15.0,-43.0,-42.0,403.0,204.0,-245.0,83.0,-294.0,25.0,-188.0,80.0,-108.0,-137.0,-121.0,-49.0,-13.0,-477.0,-292.0,-57.0
10,2016-30,7064,65.0,-95.0,-112.0,269.0,277.0,78.0,35.0,-44.0,310.0,-17.0,-25.0,-48.0,390.0,104.0,123.0,-19.0,358.0,350.0,61.0,-35.0,86.0,778.0,-62.0,81.0,-51.0,410.0,6.0,-131.0,111.0,1845.0,-1793.0,-17.0,-106.0,-131.0,-1368.0,15.0,-43.0,-42.0,403.0,204.0,-245.0,83.0,-294.0,25.0,-188.0,80.0,-108.0,-137.0,-121.0,-49.0,-13.0,-477.0,-292.0
10,2016-31,6310,-754.0,65.0,-95.0,-112.0,269.0,277.0,78.0,35.0,-44.0,310.0,-17.0,-25.0,-48.0,390.0,104.0,123.0,-19.0,358.0,350.0,61.0,-35.0,86.0,778.0,-62.0,81.0,-51.0,410.0,6.0,-131.0,111.0,1845.0,-1793.0,-17.0,-106.0,-131.0,-1368.0,15.0,-43.0,-42.0,403.0,204.0,-245.0,83.0,-294.0,25.0,-188.0,80.0,-108.0,-137.0,-121.0,-49.0,-13.0,-477.0
10,2016-32,6328,18.0,-754.0,65.0,-95.0,-112.0,269.0,277.0,78.0,35.0,-44.0,310.0,-17.0,-25.0,-48.0,390.0,104.0,123.0,-19.0,358.0,350.0,61.0,-35.0,86.0,778.0,-62.0,81.0,-51.0,410.0,6.0,-131.0,111.0,1845.0,-1793.0,-17.0,-106.0,-131.0,-1368.0,15.0,-43.0,-42.0,403.0,204.0,-245.0,83.0,-294.0,25.0,-188.0,80.0,-108.0,-137.0,-121.0,-49.0,-13.0
10,2016-33,6219,-109.0,18.0,-754.0,65.0,-95.0,-112.0,269.0,277.0,78.0,35.0,-44.0,310.0,-17.0,-25.0,-48.0,390.0,104.0,123.0,-19.0,358.0,350.0,61.0,-35.0,86.0,778.0,-62.0,81.0,-51.0,410.0,6.0,-131.0,111.0,1845.0,-1793.0,-17.0,-106.0,-131.0,-1368.0,15.0,-43.0,-42.0,403.0,204.0,-245.0,83.0,-294.0,25.0,-188.0,80.0,-108.0,-137.0,-121.0,-49.0
10,2016-34,6185,-34.0,-109.0,18.0,-754.0,65.0,-95.0,-112.0,269.0,277.0,78.0,35.0,-44.0,310.0,-17.0,-25.0,-48.0,390.0,104.0,123.0,-19.0,358.0,350.0,61.0,-35.0,86.0,778.0,-62.0,81.0,-51.0,410.0,6.0,-131.0,111.0,1845.0,-1793.0,-17.0,-106.0,-131.0,-1368.0,15.0,-43.0,-42.0,403.0,204.0,-245.0,83.0,-294.0,25.0,-188.0,80.0,-108.0,-137.0,-121.0
10,2016-35,6164,-21.0,-34.0,-109.0,18.0,-754.0,65.0,-95.0,-112.0,269.0,277.0,78.0,35.0,-44.0,310.0,-17.0,-25.0,-48.0,390.0,104.0,123.0,-19.0,358.0,350.0,61.0,-35.0,86.0,778.0,-62.0,81.0,-51.0,410.0,6.0,-131.0,111.0,1845.0,-1793.0,-17.0,-106.0,-131.0,-1368.0,15.0,-43.0,-42.0,403.0,204.0,-245.0,83.0,-294.0,25.0,-188.0,80.0,-108.0,-137.0
10,2016-36,5847,-317.0,-21.0,-34.0,-109.0,18.0,-754.0,65.0,-95.0,-112.0,269.0,277.0,78.0,35.0,-44.0,310.0,-17.0,-25.0,-48.0,390.0,104.0,123.0,-19.0,358.0,350.0,61.0,-35.0,86.0,778.0,-62.0,81.0,-51.0,410.0,6.0,-131.0,111.0,1845.0,-1793.0,-17.0,-106.0,-131.0,-1368.0,15.0,-43.0,-42.0,403.0,204.0,-245.0,83.0,-294.0,25.0,-188.0,80.0,-108.0
10,2016-37,5764,-83.0,-317.0,-21.0,-34.0,-109.0,18.0,-754.0,65.0,-95.0,-112.0,269.0,277.0,78.0,35.0,-44.0,310.0,-17.0,-25.0,-48.0,390.0,104.0,123.0,-19.0,358.0,350.0,61.0,-35.0,86.0,778.0,-62.0,81.0,-51.0,410.0,6.0,-131.0,111.0,1845.0,-1793.0,-17.0,-106.0,-131.0,-1368.0,15.0,-43.0,-42.0,403.0,204.0,-245.0,83.0,-294.0,25.0,-188.0,80.0
10,2016-38,5999,235.0,-83.0,-317.0,-21.0,-34.0,-109.0,18.0,-754.0,65.0,-95.0,-112.0,269.0,277.0,78.0,35.0,-44.0,310.0,-17.0,-25.0,-48.0,390.0,104.0,123.0,-19.0,358.0,350.0,61.0,-35.0,86.0,778.0,-62.0,81.0,-51.0,410.0,6.0,-131.0,111.0,1845.0,-1793.0,-17.0,-106.0,-131.0,-1368.0,15.0,-43.0,-42.0,403.0,204.0,-245.0,83.0,-294.0,25.0,-188.0
10,2016-39,5770,-229.0,235.0,-83.0,-317.0,-21.0,-34.0,-109.0,18.0,-754.0,65.0,-95.0,-112.0,269.0,277.0,78.0,35.0,-44.0,310.0,-17.0,-25.0,-48.0,390.0,104.0,123.0,-19.0,358.0,350.0,61.0,-35.0,86.0,778.0,-62.0,81.0,-51.0,410.0,6.0,-131.0,111.0,1845.0,-1793.0,-17.0,-106.0,-131.0,-1368.0,15.0,-43.0,-42.0,403.0,204.0,-245.0,83.0,-294.0,25.0
10,2016-40,5428,-342.0,-229.0,235.0,-83.0,-317.0,-21.0,-34.0,-109.0,18.0,-754.0,65.0,-95.0,-112.0,269.0,277.0,78.0,35.0,-44.0,310.0,-17.0,-25.0,-48.0,390.0,104.0,123.0,-19.0,358.0,350.0,61.0,-35.0,86.0,778.0,-62.0,81.0,-51.0,410.0,6.0,-131.0,111.0,1845.0,-1793.0,-17.0,-106.0,-131.0,-1368.0,15.0,-43.0,-42.0,403.0,204.0,-245.0,83.0,-294.0
10,2016-41,5406,-22.0,-342.0,-229.0,235.0,-83.0,-317.0,-21.0,-34.0,-109.0,18.0,-754.0,65.0,-95.0,-112.0,269.0,277.0,78.0,35.0,-44.0,310.0,-17.0,-25.0,-48.0,390.0,104.0,123.0,-19.0,358.0,350.0,61.0,-35.0,86.0,778.0,-62.0,81.0,-51.0,410.0,6.0,-131.0,111.0,1845.0,-1793.0,-17.0,-106.0,-131.0,-1368.0,15.0,-43.0,-42.0,403.0,204.0,-245.0,83.0
10,2016-42,5571,165.0,-22.0,-342.0,-229.0,235.0,-83.0,-317.0,-21.0,-34.0,-109.0,18.0,-754.0,65.0,-95.0,-112.0,269.0,277.0,78.0,35.0,-44.0,310.0,-17.0,-25.0,-48.0,390.0,104.0,123.0,-19.0,358.0,350.0,61.0,-35.0,86.0,778.0,-62.0,81.0,-51.0,410.0,6.0,-131.0,111.0,1845.0,-1793.0,-17.0,-106.0,-131.0,-1368.0,15.0,-43.0,-42.0,403.0,204.0,-245.0
10,2016-43,5548,-23.0,165.0,-22.0,-342.0,-229.0,235.0,-83.0,-317.0,-21.0,-34.0,-109.0,18.0,-754.0,65.0,-95.0,-112.0,269.0,277.0,78.0,35.0,-44.0,310.0,-17.0,-25.0,-48.0,390.0,104.0,123.0,-19.0,358.0,350.0,61.0,-35.0,86.0,778.0,-62.0,81.0,-51.0,410.0,6.0,-131.0,111.0,1845.0,-1793.0,-17.0,-106.0,-131.0,-1368.0,15.0,-43.0,-42.0,403.0,204.0
10,2016-44,5777,229.0,-23.0,165.0,-22.0,-342.0,-229.0,235.0,-83.0,-317.0,-21.0,-34.0,-109.0,18.0,-754.0,65.0,-95.0,-112.0,269.0,277.0,78.0,35.0,-44.0,310.0,-17.0,-25.0,-48.0,390.0,104.0,123.0,-19.0,358.0,350.0,61.0,-35.0,86.0,778.0,-62.0,81.0,-51.0,410.0,6.0,-131.0,111.0,1845.0,-1793.0,-17.0,-106.0,-131.0,-1368.0,15.0,-43.0,-42.0,403.0
10,2016-45,5972,195.0,229.0,-23.0,165.0,-22.0,-342.0,-229.0,235.0,-83.0,-317.0,-21.0,-34.0,-109.0,18.0,-754.0,65.0,-95.0,-112.0,269.0,277.0,78.0,35.0,-44.0,310.0,-17.0,-25.0,-48.0,390.0,104.0,123.0,-19.0,358.0,350.0,61.0,-35.0,86.0,778.0,-62.0,81.0,-51.0,410.0,6.0,-131.0,111.0,1845.0,-1793.0,-17.0,-106.0,-131.0,-1368.0,15.0,-43.0,-42.0
10,2016-46,5901,-71.0,195.0,229.0,-23.0,165.0,-22.0,-342.0,-229.0,235.0,-83.0,-317.0,-21.0,-34.0,-109.0,18.0,-754.0,65.0,-95.0,-112.0,269.0,277.0,78.0,35.0,-44.0,310.0,-17.0,-25.0,-48.0,390.0,104.0,123.0,-19.0,358.0,350.0,61.0,-35.0,86.0,778.0,-62.0,81.0,-51.0,410.0,6.0,-131.0,111.0,1845.0,-1793.0,-17.0,-106.0,-131.0,-1368.0,15.0,-43.0
10,2016-47,5835,-66.0,-71.0,195.0,229.0,-23.0,165.0,-22.0,-342.0,-229.0,235.0,-83.0,-317.0,-21.0,-34.0,-109.0,18.0,-754.0,65.0,-95.0,-112.0,269.0,277.0,78.0,35.0,-44.0,310.0,-17.0,-25.0,-48.0,390.0,104.0,123.0,-19.0,358.0,350.0,61.0,-35.0,86.0,778.0,-62.0,81.0,-51.0,410.0,6.0,-131.0,111.0,1845.0,-1793.0,-17.0,-106.0,-131.0,-1368.0,15.0
10,2016-48,4813,-1022.0,-66.0,-71.0,195.0,229.0,-23.0,165.0,-22.0,-342.0,-229.0,235.0,-83.0,-317.0,-21.0,-34.0,-109.0,18.0,-754.0,65.0,-95.0,-112.0,269.0,277.0,78.0,35.0,-44.0,310.0,-17.0,-25.0,-48.0,390.0,104.0,123.0,-19.0,358.0,350.0,61.0,-35.0,86.0,778.0,-62.0,81.0,-51.0,410.0,6.0,-131.0,111.0,1845.0,-1793.0,-17.0,-106.0,-131.0,-1368.0
10,2016-49,4189,-624.0,-1022.0,-66.0,-71.0,195.0,229.0,-23.0,165.0,-22.0,-342.0,-229.0,235.0,-83.0,-317.0,-21.0,-34.0,-109.0,18.0,-754.0,65.0,-95.0,-112.0,269.0,277.0,78.0,35.0,-44.0,310.0,-17.0,-25.0,-48.0,390.0,104.0,123.0,-19.0,358.0,350.0,61.0,-35.0,86.0,778.0,-62.0,81.0,-51.0,410.0,6.0,-131.0,111.0,1845.0,-1793.0,-17.0,-106.0,-131.0
10,2016-50,4134,-55.0,-624.0,-1022.0,-66.0,-71.0,195.0,229.0,-23.0,165.0,-22.0,-342.0,-229.0,235.0,-83.0,-317.0,-21.0,-34.0,-109.0,18.0,-754.0,65.0,-95.0,-112.0,269.0,277.0,78.0,35.0,-44.0,310.0,-17.0,-25.0,-48.0,390.0,104.0,123.0,-19.0,358.0,350.0,61.0,-35.0,86.0,778.0,-62.0,81.0,-51.0,410.0,6.0,-131.0,111.0,1845.0,-1793.0,-17.0,-106.0
10,2016-51,4220,86.0,-55.0,-624.0,-1022.0,-66.0,-71.0,195.0,229.0,-23.0,165.0,-22.0,-342.0,-229.0,235.0,-83.0,-317.0,-21.0,-34.0,-109.0,18.0,-754.0,65.0,-95.0,-112.0,269.0,277.0,78.0,35.0,-44.0,310.0,-17.0,-25.0,-48.0,390.0,104.0,123.0,-19.0,358.0,350.0,61.0,-35.0,86.0,778.0,-62.0,81.0,-51.0,410.0,6.0,-131.0,111.0,1845.0,-1793.0,-17.0
10,2016-52,3409,-811.0,86.0,-55.0,-624.0,-1022.0,-66.0,-71.0,195.0,229.0,-23.0,165.0,-22.0,-342.0,-229.0,235.0,-83.0,-317.0,-21.0,-34.0,-109.0,18.0,-754.0,65.0,-95.0,-112.0,269.0,277.0,78.0,35.0,-44.0,310.0,-17.0,-25.0,-48.0,390.0,104.0,123.0,-19.0,358.0,350.0,61.0,-35.0,86.0,778.0,-62.0,81.0,-51.0,410.0,6.0,-131.0,111.0,1845.0,-1793.0
10,2016-53,1815,-1594.0,-811.0,86.0,-55.0,-624.0,-1022.0,-66.0,-71.0,195.0,229.0,-23.0,165.0,-22.0,-342.0,-229.0,235.0,-83.0,-317.0,-21.0,-34.0,-109.0,18.0,-754.0,65.0,-95.0,-112.0,269.0,277.0,78.0,35.0,-44.0,310.0,-17.0,-25.0,-48.0,390.0,104.0,123.0,-19.0,358.0,350.0,61.0,-35.0,86.0,778.0,-62.0,81.0,-51.0,410.0,6.0,-131.0,111.0,1845.0
10,2017-01,3969,2154.0,-1594.0,-811.0,86.0,-55.0,-624.0,-1022.0,-66.0,-71.0,195.0,229.0,-23.0,165.0,-22.0,-342.0,-229.0,235.0,-83.0,-317.0,-21.0,-34.0,-109.0,18.0,-754.0,65.0,-95.0,-112.0,269.0,277.0,78.0,35.0,-44.0,310.0,-17.0,-25.0,-48.0,390.0,104.0,123.0,-19.0,358.0,350.0,61.0,-35.0,86.0,778.0,-62.0,81.0,-51.0,410.0,6.0,-131.0,111.0
10,2017-02,3963,-6.0,2154.0,-1594.0,-811.0,86.0,-55.0,-624.0,-1022.0,-66.0,-71.0,195.0,229.0,-23.0,165.0,-22.0,-342.0,-229.0,235.0,-83.0,-317.0,-21.0,-34.0,-109.0,18.0,-754.0,65.0,-95.0,-112.0,269.0,277.0,78.0,35.0,-44.0,310.0,-17.0,-25.0,-48.0,390.0,104.0,123.0,-19.0,358.0,350.0,61.0,-35.0,86.0,778.0,-62.0,81.0,-51.0,410.0,6.0,-131.0
10,2017-03,4025,62.0,-6.0,2154.0,-1594.0,-811.0,86.0,-55.0,-624.0,-1022.0,-66.0,-71.0,195.0,229.0,-23.0,165.0,-22.0,-342.0,-229.0,235.0,-83.0,-317.0,-21.0,-34.0,-109.0,18.0,-754.0,65.0,-95.0,-112.0,269.0,277.0,78.0,35.0,-44.0,310.0,-17.0,-25.0,-48.0,390.0,104.0,123.0,-19.0,358.0,350.0,61.0,-35.0,86.0,778.0,-62.0,81.0,-51.0,410.0,6.0
10,2017-04,3898,-127.0,62.0,-6.0,2154.0,-1594.0,-811.0,86.0,-55.0,-624.0,-1022.0,-66.0,-71.0,195.0,229.0,-23.0,165.0,-22.0,-342.0,-229.0,235.0,-83.0,-317.0,-21.0,-34.0,-109.0,18.0,-754.0,65.0,-95.0,-112.0,269.0,277.0,78.0,35.0,-44.0,310.0,-17.0,-25.0,-48.0,390.0,104.0,123.0,-19.0,358.0,350.0,61.0,-35.0,86.0,778.0,-62.0,81.0,-51.0,410.0
10,2017-05,4261,363.0,-127.0,62.0,-6.0,2154.0,-1594.0,-811.0,86.0,-55.0,-624.0,-1022.0,-66.0,-71.0,195.0,229.0,-23.0,165.0,-22.0,-342.0,-229.0,235.0,-83.0,-317.0,-21.0,-34.0,-109.0,18.0,-754.0,65.0,-95.0,-112.0,269.0,277.0,78.0,35.0,-44.0,310.0,-17.0,-25.0,-48.0,390.0,104.0,123.0,-19.0,358.0,350.0,61.0,-35.0,86.0,778.0,-62.0,81.0,-51.0
10,2017-06,4367,106.0,363.0,-127.0,62.0,-6.0,2154.0,-1594.0,-811.0,86.0,-55.0,-624.0,-1022.0,-66.0,-71.0,195.0,229.0,-23.0,165.0,-22.0,-342.0,-229.0,235.0,-83.0,-317.0,-21.0,-34.0,-109.0,18.0,-754.0,65.0,-95.0,-112.0,269.0,277.0,78.0,35.0,-44.0,310.0,-17.0,-25.0,-48.0,390.0,104.0,123.0,-19.0,358.0,350.0,61.0,-35.0,86.0,778.0,-62.0,81.0
10,2017-07,4455,88.0,106.0,363.0,-127.0,62.0,-6.0,2154.0,-1594.0,-811.0,86.0,-55.0,-624.0,-1022.0,-66.0,-71.0,195.0,229.0,-23.0,165.0,-22.0,-342.0,-229.0,235.0,-83.0,-317.0,-21.0,-34.0,-109.0,18.0,-754.0,65.0,-95.0,-112.0,269.0,277.0,78.0,35.0,-44.0,310.0,-17.0,-25.0,-48.0,390.0,104.0,123.0,-19.0,358.0,350.0,61.0,-35.0,86.0,778.0,-62.0
10,2017-08,4349,-106.0,88.0,106.0,363.0,-127.0,62.0,-6.0,2154.0,-1594.0,-811.0,86.0,-55.0,-624.0,-1022.0,-66.0,-71.0,195.0,229.0,-23.0,165.0,-22.0,-342.0,-229.0,235.0,-83.0,-317.0,-21.0,-34.0,-109.0,18.0,-754.0,65.0,-95.0,-112.0,269.0,277.0,78.0,35.0,-44.0,310.0,-17.0,-25.0,-48.0,390.0,104.0,123.0,-19.0,358.0,350.0,61.0,-35.0,86.0,778.0
10,2017-09,4965,616.0,-106.0,88.0,106.0,363.0,-127.0,62.0,-6.0,2154.0,-1594.0,-811.0,86.0,-55.0,-624.0,-1022.0,-66.0,-71.0,195.0,229.0,-23.0,165.0,-22.0,-342.0,-229.0,235.0,-83.0,-317.0,-21.0,-34.0,-109.0,18.0,-754.0,65.0,-95.0,-112.0,269.0,277.0,78.0,35.0,-44.0,310.0,-17.0,-25.0,-48.0,390.0,104.0,123.0,-19.0,358.0,350.0,61.0,-35.0,86.0
10,2017-10,5141,176.0,616.0,-106.0,88.0,106.0,363.0,-127.0,62.0,-6.0,2154.0,-1594.0,-811.0,86.0,-55.0,-624.0,-1022.0,-66.0,-71.0,195.0,229.0,-23.0,165.0,-22.0,-342.0,-229.0,235.0,-83.0,-317.0,-21.0,-34.0,-109.0,18.0,-754.0,65.0,-95.0,-112.0,269.0,277.0,78.0,35.0,-44.0,310.0,-17.0,-25.0,-48.0,390.0,104.0,123.0,-19.0,358.0,350.0,61.0,-35.0
10,2017-11,5313,172.0,176.0,616.0,-106.0,88.0,106.0,363.0,-127.0,62.0,-6.0,2154.0,-1594.0,-811.0,86.0,-55.0,-624.0,-1022.0,-66.0,-71.0,195.0,229.0,-23.0,165.0,-22.0,-342.0,-229.0,235.0,-83.0,-317.0,-21.0,-34.0,-109.0,18.0,-754.0,65.0,-95.0,-112.0,269.0,277.0,78.0,35.0,-44.0,310.0,-17.0,-25.0,-48.0,390.0,104.0,123.0,-19.0,358.0,350.0,61.0
10,2017-12,5239,-74.0,172.0,176.0,616.0,-106.0,88.0,106.0,363.0,-127.0,62.0,-6.0,2154.0,-1594.0,-811.0,86.0,-55.0,-624.0,-1022.0,-66.0,-71.0,195.0,229.0,-23.0,165.0,-22.0,-342.0,-229.0,235.0,-83.0,-317.0,-21.0,-34.0,-109.0,18.0,-754.0,65.0,-95.0,-112.0,269.0,277.0,78.0,35.0,-44.0,310.0,-17.0,-25.0,-48.0,390.0,104.0,123.0,-19.0,358.0,350.0
10,2017-13,5522,283.0,-74.0,172.0,176.0,616.0,-106.0,88.0,106.0,363.0,-127.0,62.0,-6.0,2154.0,-1594.0,-811.0,86.0,-55.0,-624.0,-1022.0,-66.0,-71.0,195.0,229.0,-23.0,165.0,-22.0,-342.0,-229.0,235.0,-83.0,-317.0,-21.0,-34.0,-109.0,18.0,-754.0,65.0,-95.0,-112.0,269.0,277.0,78.0,35.0,-44.0,310.0,-17.0,-25.0,-48.0,390.0,104.0,123.0,-19.0,358.0
10,2017-14,6219,697.0,283.0,-74.0,172.0,176.0,616.0,-106.0,88.0,106.0,363.0,-127.0,62.0,-6.0,2154.0,-1594.0,-811.0,86.0,-55.0,-624.0,-1022.0,-66.0,-71.0,195.0,229.0,-23.0,165.0,-22.0,-342.0,-229.0,235.0,-83.0,-317.0,-21.0,-34.0,-109.0,18.0,-754.0,65.0,-95.0,-112.0,269.0,277.0,78.0,35.0,-44.0,310.0,-17.0,-25.0,-48.0,390.0,104.0,123.0,-19.0
10,2017-15,6114,-105.0,697.0,283.0,-74.0,172.0,176.0,616.0,-106.0,88.0,106.0,363.0,-127.0,62.0,-6.0,2154.0,-1594.0,-811.0,86.0,-55.0,-624.0,-1022.0,-66.0,-71.0,195.0,229.0,-23.0,165.0,-22.0,-342.0,-229.0,235.0,-83.0,-317.0,-21.0,-34.0,-109.0,18.0,-754.0,65.0,-95.0,-112.0,269.0,277.0,78.0,35.0,-44.0,310.0,-17.0,-25.0,-48.0,390.0,104.0,123.0
10,2017-16,6138,24.0,-105.0,697.0,283.0,-74.0,172.0,176.0,616.0,-106.0,88.0,106.0,363.0,-127.0,62.0,-6.0,2154.0,-1594.0,-811.0,86.0,-55.0,-624.0,-1022.0,-66.0,-71.0,195.0,229.0,-23.0,165.0,-22.0,-342.0,-229.0,235.0,-83.0,-317.0,-21.0,-34.0,-109.0,18.0,-754.0,65.0,-95.0,-112.0,269.0,277.0,78.0,35.0,-44.0,310.0,-17.0,-25.0,-48.0,390.0,104.0
10,2017-17,6115,-23.0,24.0,-105.0,697.0,283.0,-74.0,172.0,176.0,616.0,-106.0,88.0,106.0,363.0,-127.0,62.0,-6.0,2154.0,-1594.0,-811.0,86.0,-55.0,-624.0,-1022.0,-66.0,-71.0,195.0,229.0,-23.0,165.0,-22.0,-342.0,-229.0,235.0,-83.0,-317.0,-21.0,-34.0,-109.0,18.0,-754.0,65.0,-95.0,-112.0,269.0,277.0,78.0,35.0,-44.0,310.0,-17.0,-25.0,-48.0,390.0
10,2017-18,6667,552.0,-23.0,24.0,-105.0,697.0,283.0,-74.0,172.0,176.0,616.0,-106.0,88.0,106.0,363.0,-127.0,62.0,-6.0,2154.0,-1594.0,-811.0,86.0,-55.0,-624.0,-1022.0,-66.0,-71.0,195.0,229.0,-23.0,165.0,-22.0,-342.0,-229.0,235.0,-83.0,-317.0,-21.0,-34.0,-109.0,18.0,-754.0,65.0,-95.0,-112.0,269.0,277.0,78.0,35.0,-44.0,310.0,-17.0,-25.0,-48.0
10,2017-19,6651,-16.0,552.0,-23.0,24.0,-105.0,697.0,283.0,-74.0,172.0,176.0,616.0,-106.0,88.0,106.0,363.0,-127.0,62.0,-6.0,2154.0,-1594.0,-811.0,86.0,-55.0,-624.0,-1022.0,-66.0,-71.0,195.0,229.0,-23.0,165.0,-22.0,-342.0,-229.0,235.0,-83.0,-317.0,-21.0,-34.0,-109.0,18.0,-754.0,65.0,-95.0,-112.0,269.0,277.0,78.0,35.0,-44.0,310.0,-17.0,-25.0
10,2017-20,6513,-138.0,-16.0,552.0,-23.0,24.0,-105.0,697.0,283.0,-74.0,172.0,176.0,616.0,-106.0,88.0,106.0,363.0,-127.0,62.0,-6.0,2154.0,-1594.0,-811.0,86.0,-55.0,-624.0,-1022.0,-66.0,-71.0,195.0,229.0,-23.0,165.0,-22.0,-342.0,-229.0,235.0,-83.0,-317.0,-21.0,-34.0,-109.0,18.0,-754.0,65.0,-95.0,-112.0,269.0,277.0,78.0,35.0,-44.0,310.0,-17.0
10,2017-21,6527,14.0,-138.0,-16.0,552.0,-23.0,24.0,-105.0,697.0,283.0,-74.0,172.0,176.0,616.0,-106.0,88.0,106.0,363.0,-127.0,62.0,-6.0,2154.0,-1594.0,-811.0,86.0,-55.0,-624.0,-1022.0,-66.0,-71.0,195.0,229.0,-23.0,165.0,-22.0,-342.0,-229.0,235.0,-83.0,-317.0,-21.0,-34.0,-109.0,18.0,-754.0,65.0,-95.0,-112.0,269.0,277.0,78.0,35.0,-44.0,310.0
10,2017-22,6752,225.0,14.0,-138.0,-16.0,552.0,-23.0,24.0,-105.0,697.0,283.0,-74.0,172.0,176.0,616.0,-106.0,88.0,106.0,363.0,-127.0,62.0,-6.0,2154.0,-1594.0,-811.0,86.0,-55.0,-624.0,-1022.0,-66.0,-71.0,195.0,229.0,-23.0,165.0,-22.0,-342.0,-229.0,235.0,-83.0,-317.0,-21.0,-34.0,-109.0,18.0,-754.0,65.0,-95.0,-112.0,269.0,277.0,78.0,35.0,-44.0
10,2017-23,6928,176.0,225.0,14.0,-138.0,-16.0,552.0,-23.0,24.0,-105.0,697.0,283.0,-74.0,172.0,176.0,616.0,-106.0,88.0,106.0,363.0,-127.0,62.0,-6.0,2154.0,-1594.0,-811.0,86.0,-55.0,-624.0,-1022.0,-66.0,-71.0,195.0,229.0,-23.0,165.0,-22.0,-342.0,-229.0,235.0,-83.0,-317.0,-21.0,-34.0,-109.0,18.0,-754.0,65.0,-95.0,-112.0,269.0,277.0,78.0,35.0
10,2017-24,6997,69.0,176.0,225.0,14.0,-138.0,-16.0,552.0,-23.0,24.0,-105.0,697.0,283.0,-74.0,172.0,176.0,616.0,-106.0,88.0,106.0,363.0,-127.0,62.0,-6.0,2154.0,-1594.0,-811.0,86.0,-55.0,-624.0,-1022.0,-66.0,-71.0,195.0,229.0,-23.0,165.0,-22.0,-342.0,-229.0,235.0,-83.0,-317.0,-21.0,-34.0,-109.0,18.0,-754.0,65.0,-95.0,-112.0,269.0,277.0,78.0
10,2017-25,6893,-104.0,69.0,176.0,225.0,14.0,-138.0,-16.0,552.0,-23.0,24.0,-105.0,697.0,283.0,-74.0,172.0,176.0,616.0,-106.0,88.0,106.0,363.0,-127.0,62.0,-6.0,2154.0,-1594.0,-811.0,86.0,-55.0,-624.0,-1022.0,-66.0,-71.0,195.0,229.0,-23.0,165.0,-22.0,-342.0,-229.0,235.0,-83.0,-317.0,-21.0,-34.0,-109.0,18.0,-754.0,65.0,-95.0,-112.0,269.0,277.0
10,2017-26,7125,232.0,-104.0,69.0,176.0,225.0,14.0,-138.0,-16.0,552.0,-23.0,24.0,-105.0,697.0,283.0,-74.0,172.0,176.0,616.0,-106.0,88.0,106.0,363.0,-127.0,62.0,-6.0,2154.0,-1594.0,-811.0,86.0,-55.0,-624.0,-1022.0,-66.0,-71.0,195.0,229.0,-23.0,165.0,-22.0,-342.0,-229.0,235.0,-83.0,-317.0,-21.0,-34.0,-109.0,18.0,-754.0,65.0,-95.0,-112.0,269.0
10,2017-27,7315,190.0,232.0,-104.0,69.0,176.0,225.0,14.0,-138.0,-16.0,552.0,-23.0,24.0,-105.0,697.0,283.0,-74.0,172.0,176.0,616.0,-106.0,88.0,106.0,363.0,-127.0,62.0,-6.0,2154.0,-1594.0,-811.0,86.0,-55.0,-624.0,-1022.0,-66.0,-71.0,195.0,229.0,-23.0,165.0,-22.0,-342.0,-229.0,235.0,-83.0,-317.0,-21.0,-34.0,-109.0,18.0,-754.0,65.0,-95.0,-112.0
10,2017-28,7299,-16.0,190.0,232.0,-104.0,69.0,176.0,225.0,14.0,-138.0,-16.0,552.0,-23.0,24.0,-105.0,697.0,283.0,-74.0,172.0,176.0,616.0,-106.0,88.0,106.0,363.0,-127.0,62.0,-6.0,2154.0,-1594.0,-811.0,86.0,-55.0,-624.0,-1022.0,-66.0,-71.0,195.0,229.0,-23.0,165.0,-22.0,-342.0,-229.0,235.0,-83.0,-317.0,-21.0,-34.0,-109.0,18.0,-754.0,65.0,-95.0
10,2017-29,7332,33.0,-16.0,190.0,232.0,-104.0,69.0,176.0,225.0,14.0,-138.0,-16.0,552.0,-23.0,24.0,-105.0,697.0,283.0,-74.0,172.0,176.0,616.0,-106.0,88.0,106.0,363.0,-127.0,62.0,-6.0,2154.0,-1594.0,-811.0,86.0,-55.0,-624.0,-1022.0,-66.0,-71.0,195.0,229.0,-23.0,165.0,-22.0,-342.0,-229.0,235.0,-83.0,-317.0,-21.0,-34.0,-109.0,18.0,-754.0,65.0
10,2017-30,7300,-32.0,33.0,-16.0,190.0,232.0,-104.0,69.0,176.0,225.0,14.0,-138.0,-16.0,552.0,-23.0,24.0,-105.0,697.0,283.0,-74.0,172.0,176.0,616.0,-106.0,88.0,106.0,363.0,-127.0,62.0,-6.0,2154.0,-1594.0,-811.0,86.0,-55.0,-624.0,-1022.0,-66.0,-71.0,195.0,229.0,-23.0,165.0,-22.0,-342.0,-229.0,235.0,-83.0,-317.0,-21.0,-34.0,-109.0,18.0,-754.0
10,2017-31,6678,-622.0,-32.0,33.0,-16.0,190.0,232.0,-104.0,69.0,176.0,225.0,14.0,-138.0,-16.0,552.0,-23.0,24.0,-105.0,697.0,283.0,-74.0,172.0,176.0,616.0,-106.0,88.0,106.0,363.0,-127.0,62.0,-6.0,2154.0,-1594.0,-811.0,86.0,-55.0,-624.0,-1022.0,-66.0,-71.0,195.0,229.0,-23.0,165.0,-22.0,-342.0,-229.0,235.0,-83.0,-317.0,-21.0,-34.0,-109.0,18.0
10,2017-32,6629,-49.0,-622.0,-32.0,33.0,-16.0,190.0,232.0,-104.0,69.0,176.0,225.0,14.0,-138.0,-16.0,552.0,-23.0,24.0,-105.0,697.0,283.0,-74.0,172.0,176.0,616.0,-106.0,88.0,106.0,363.0,-127.0,62.0,-6.0,2154.0,-1594.0,-811.0,86.0,-55.0,-624.0,-1022.0,-66.0,-71.0,195.0,229.0,-23.0,165.0,-22.0,-342.0,-229.0,235.0,-83.0,-317.0,-21.0,-34.0,-109.0
10,2017-33,6651,22.0,-49.0,-622.0,-32.0,33.0,-16.0,190.0,232.0,-104.0,69.0,176.0,225.0,14.0,-138.0,-16.0,552.0,-23.0,24.0,-105.0,697.0,283.0,-74.0,172.0,176.0,616.0,-106.0,88.0,106.0,363.0,-127.0,62.0,-6.0,2154.0,-1594.0,-811.0,86.0,-55.0,-624.0,-1022.0,-66.0,-71.0,195.0,229.0,-23.0,165.0,-22.0,-342.0,-229.0,235.0,-83.0,-317.0,-21.0,-34.0
10,2017-34,6555,-96.0,22.0,-49.0,-622.0,-32.0,33.0,-16.0,190.0,232.0,-104.0,69.0,176.0,225.0,14.0,-138.0,-16.0,552.0,-23.0,24.0,-105.0,697.0,283.0,-74.0,172.0,176.0,616.0,-106.0,88.0,106.0,363.0,-127.0,62.0,-6.0,2154.0,-1594.0,-811.0,86.0,-55.0,-624.0,-1022.0,-66.0,-71.0,195.0,229.0,-23.0,165.0,-22.0,-342.0,-229.0,235.0,-83.0,-317.0,-21.0
10,2017-35,6334,-221.0,-96.0,22.0,-49.0,-622.0,-32.0,33.0,-16.0,190.0,232.0,-104.0,69.0,176.0,225.0,14.0,-138.0,-16.0,552.0,-23.0,24.0,-105.0,697.0,283.0,-74.0,172.0,176.0,616.0,-106.0,88.0,106.0,363.0,-127.0,62.0,-6.0,2154.0,-1594.0,-811.0,86.0,-55.0,-624.0,-1022.0,-66.0,-71.0,195.0,229.0,-23.0,165.0,-22.0,-342.0,-229.0,235.0,-83.0,-317.0
10,2017-36,6240,-94.0,-221.0,-96.0,22.0,-49.0,-622.0,-32.0,33.0,-16.0,190.0,232.0,-104.0,69.0,176.0,225.0,14.0,-138.0,-16.0,552.0,-23.0,24.0,-105.0,697.0,283.0,-74.0,172.0,176.0,616.0,-106.0,88.0,106.0,363.0,-127.0,62.0,-6.0,2154.0,-1594.0,-811.0,86.0,-55.0,-624.0,-1022.0,-66.0,-71.0,195.0,229.0,-23.0,165.0,-22.0,-342.0,-229.0,235.0,-83.0
10,2017-37,5966,-274.0,-94.0,-221.0,-96.0,22.0,-49.0,-622.0,-32.0,33.0,-16.0,190.0,232.0,-104.0,69.0,176.0,225.0,14.0,-138.0,-16.0,552.0,-23.0,24.0,-105.0,697.0,283.0,-74.0,172.0,176.0,616.0,-106.0,88.0,106.0,363.0,-127.0,62.0,-6.0,2154.0,-1594.0,-811.0,86.0,-55.0,-624.0,-1022.0,-66.0,-71.0,195.0,229.0,-23.0,165.0,-22.0,-342.0,-229.0,235.0
10,2017-38,6096,130.0,-274.0,-94.0,-221.0,-96.0,22.0,-49.0,-622.0,-32.0,33.0,-16.0,190.0,232.0,-104.0,69.0,176.0,225.0,14.0,-138.0,-16.0,552.0,-23.0,24.0,-105.0,697.0,283.0,-74.0,172.0,176.0,616.0,-106.0,88.0,106.0,363.0,-127.0,62.0,-6.0,2154.0,-1594.0,-811.0,86.0,-55.0,-624.0,-1022.0,-66.0,-71.0,195.0,229.0,-23.0,165.0,-22.0,-342.0,-229.0
10,2017-39,6021,-75.0,130.0,-274.0,-94.0,-221.0,-96.0,22.0,-49.0,-622.0,-32.0,33.0,-16.0,190.0,232.0,-104.0,69.0,176.0,225.0,14.0,-138.0,-16.0,552.0,-23.0,24.0,-105.0,697.0,283.0,-74.0,172.0,176.0,616.0,-106.0,88.0,106.0,363.0,-127.0,62.0,-6.0,2154.0,-1594.0,-811.0,86.0,-55.0,-624.0,-1022.0,-66.0,-71.0,195.0,229.0,-23.0,165.0,-22.0,-342.0
10,2017-40,5576,-445.0,-75.0,130.0,-274.0,-94.0,-221.0,-96.0,22.0,-49.0,-622.0,-32.0,33.0,-16.0,190.0,232.0,-104.0,69.0,176.0,225.0,14.0,-138.0,-16.0,552.0,-23.0,24.0,-105.0,697.0,283.0,-74.0,172.0,176.0,616.0,-106.0,88.0,106.0,363.0,-127.0,62.0,-6.0,2154.0,-1594.0,-811.0,86.0,-55.0,-624.0,-1022.0,-66.0,-71.0,195.0,229.0,-23.0,165.0,-22.0
10,2017-41,5741,165.0,-445.0,-75.0,130.0,-274.0,-94.0,-221.0,-96.0,22.0,-49.0,-622.0,-32.0,33.0,-16.0,190.0,232.0,-104.0,69.0,176.0,225.0,14.0,-138.0,-16.0,552.0,-23.0,24.0,-105.0,697.0,283.0,-74.0,172.0,176.0,616.0,-106.0,88.0,106.0,363.0,-127.0,62.0,-6.0,2154.0,-1594.0,-811.0,86.0,-55.0,-624.0,-1022.0,-66.0,-71.0,195.0,229.0,-23.0,165.0
10,2017-42,5757,16.0,165.0,-445.0,-75.0,130.0,-274.0,-94.0,-221.0,-96.0,22.0,-49.0,-622.0,-32.0,33.0,-16.0,190.0,232.0,-104.0,69.0,176.0,225.0,14.0,-138.0,-16.0,552.0,-23.0,24.0,-105.0,697.0,283.0,-74.0,172.0,176.0,616.0,-106.0,88.0,106.0,363.0,-127.0,62.0,-6.0,2154.0,-1594.0,-811.0,86.0,-55.0,-624.0,-1022.0,-66.0,-71.0,195.0,229.0,-23.0
10,2017-43,5659,-98.0,16.0,165.0,-445.0,-75.0,130.0,-274.0,-94.0,-221.0,-96.0,22.0,-49.0,-622.0,-32.0,33.0,-16.0,190.0,232.0,-104.0,69.0,176.0,225.0,14.0,-138.0,-16.0,552.0,-23.0,24.0,-105.0,697.0,283.0,-74.0,172.0,176.0,616.0,-106.0,88.0,106.0,363.0,-127.0,62.0,-6.0,2154.0,-1594.0,-811.0,86.0,-55.0,-624.0,-1022.0,-66.0,-71.0,195.0,229.0
10,2017-44,6065,406.0,-98.0,16.0,165.0,-445.0,-75.0,130.0,-274.0,-94.0,-221.0,-96.0,22.0,-49.0,-622.0,-32.0,33.0,-16.0,190.0,232.0,-104.0,69.0,176.0,225.0,14.0,-138.0,-16.0,552.0,-23.0,24.0,-105.0,697.0,283.0,-74.0,172.0,176.0,616.0,-106.0,88.0,106.0,363.0,-127.0,62.0,-6.0,2154.0,-1594.0,-811.0,86.0,-55.0,-624.0,-1022.0,-66.0,-71.0,195.0
10,2017-45,6192,127.0,406.0,-98.0,16.0,165.0,-445.0,-75.0,130.0,-274.0,-94.0,-221.0,-96.0,22.0,-49.0,-622.0,-32.0,33.0,-16.0,190.0,232.0,-104.0,69.0,176.0,225.0,14.0,-138.0,-16.0,552.0,-23.0,24.0,-105.0,697.0,283.0,-74.0,172.0,176.0,616.0,-106.0,88.0,106.0,363.0,-127.0,62.0,-6.0,2154.0,-1594.0,-811.0,86.0,-55.0,-624.0,-1022.0,-66.0,-71.0
10,2017-46,5964,-228.0,127.0,406.0,-98.0,16.0,165.0,-445.0,-75.0,130.0,-274.0,-94.0,-221.0,-96.0,22.0,-49.0,-622.0,-32.0,33.0,-16.0,190.0,232.0,-104.0,69.0,176.0,225.0,14.0,-138.0,-16.0,552.0,-23.0,24.0,-105.0,697.0,283.0,-74.0,172.0,176.0,616.0,-106.0,88.0,106.0,363.0,-127.0,62.0,-6.0,2154.0,-1594.0,-811.0,86.0,-55.0,-624.0,-1022.0,-66.0
10,2017-47,6053,89.0,-228.0,127.0,406.0,-98.0,16.0,165.0,-445.0,-75.0,130.0,-274.0,-94.0,-221.0,-96.0,22.0,-49.0,-622.0,-32.0,33.0,-16.0,190.0,232.0,-104.0,69.0,176.0,225.0,14.0,-138.0,-16.0,552.0,-23.0,24.0,-105.0,697.0,283.0,-74.0,172.0,176.0,616.0,-106.0,88.0,106.0,363.0,-127.0,62.0,-6.0,2154.0,-1594.0,-811.0,86.0,-55.0,-624.0,-1022.0
10,2017-48,5301,-752.0,89.0,-228.0,127.0,406.0,-98.0,16.0,165.0,-445.0,-75.0,130.0,-274.0,-94.0,-221.0,-96.0,22.0,-49.0,-622.0,-32.0,33.0,-16.0,190.0,232.0,-104.0,69.0,176.0,225.0,14.0,-138.0,-16.0,552.0,-23.0,24.0,-105.0,697.0,283.0,-74.0,172.0,176.0,616.0,-106.0,88.0,106.0,363.0,-127.0,62.0,-6.0,2154.0,-1594.0,-811.0,86.0,-55.0,-624.0
10,2017-49,4307,-994.0,-752.0,89.0,-228.0,127.0,406.0,-98.0,16.0,165.0,-445.0,-75.0,130.0,-274.0,-94.0,-221.0,-96.0,22.0,-49.0,-622.0,-32.0,33.0,-16.0,190.0,232.0,-104.0,69.0,176.0,225.0,14.0,-138.0,-16.0,552.0,-23.0,24.0,-105.0,697.0,283.0,-74.0,172.0,176.0,616.0,-106.0,88.0,106.0,363.0,-127.0,62.0,-6.0,2154.0,-1594.0,-811.0,86.0,-55.0
10,2017-50,4404,97.0,-994.0,-752.0,89.0,-228.0,127.0,406.0,-98.0,16.0,165.0,-445.0,-75.0,130.0,-274.0,-94.0,-221.0,-96.0,22.0,-49.0,-622.0,-32.0,33.0,-16.0,190.0,232.0,-104.0,69.0,176.0,225.0,14.0,-138.0,-16.0,552.0,-23.0,24.0,-105.0,697.0,283.0,-74.0,172.0,176.0,616.0,-106.0,88.0,106.0,363.0,-127.0,62.0,-6.0,2154.0,-1594.0,-811.0,86.0
10,2017-51,4419,15.0,97.0,-994.0,-752.0,89.0,-228.0,127.0,406.0,-98.0,16.0,165.0,-445.0,-75.0,130.0,-274.0,-94.0,-221.0,-96.0,22.0,-49.0,-622.0,-32.0,33.0,-16.0,190.0,232.0,-104.0,69.0,176.0,225.0,14.0,-138.0,-16.0,552.0,-23.0,24.0,-105.0,697.0,283.0,-74.0,172.0,176.0,616.0,-106.0,88.0,106.0,363.0,-127.0,62.0,-6.0,2154.0,-1594.0,-811.0
10,2017-52,4901,482.0,15.0,97.0,-994.0,-752.0,89.0,-228.0,127.0,406.0,-98.0,16.0,165.0,-445.0,-75.0,130.0,-274.0,-94.0,-221.0,-96.0,22.0,-49.0,-622.0,-32.0,33.0,-16.0,190.0,232.0,-104.0,69.0,176.0,225.0,14.0,-138.0,-16.0,552.0,-23.0,24.0,-105.0,697.0,283.0,-74.0,172.0,176.0,616.0,-106.0,88.0,106.0,363.0,-127.0,62.0,-6.0,2154.0,-1594.0
