item,date,sales,sales_diff,lag_1,lag_2,lag_3,lag_4,lag_5,lag_6,lag_7,lag_8,lag_9,lag_10,lag_11,lag_12,lag_13,lag_14,lag_15,lag_16,lag_17,lag_18,lag_19,lag_20,lag_21,lag_22,lag_23,lag_24,lag_25,lag_26,lag_27,lag_28,lag_29,lag_30,lag_31,lag_32,lag_33,lag_34,lag_35,lag_36,lag_37,lag_38,lag_39,lag_40,lag_41,lag_42,lag_43,lag_44,lag_45,lag_46,lag_47,lag_48,lag_49,lag_50,lag_51,lag_52
3,2014-02,1750,-152.0,379.0,-101.0,-39.0,33.0,-533.0,-96.0,63.0,-90.0,151.0,69.0,2.0,-14.0,-21.0,-232.0,112.0,-13.0,-73.0,-92.0,58.0,-45.0,-96.0,-34.0,-280.0,-26.0,107.0,-11.0,108.0,95.0,-43.0,-2.0,52.0,78.0,12.0,6.0,-23.0,158.0,-5.0,38.0,-26.0,381.0,-23.0,46.0,-43.0,117.0,148.0,47.0,-55.0,173.0,42.0,-9.0,-20.0,-144.0
3,2014-03,1664,-86.0,-152.0,379.0,-101.0,-39.0,33.0,-533.0,-96.0,63.0,-90.0,151.0,69.0,2.0,-14.0,-21.0,-232.0,112.0,-13.0,-73.0,-92.0,58.0,-45.0,-96.0,-34.0,-280.0,-26.0,107.0,-11.0,108.0,95.0,-43.0,-2.0,52.0,78.0,12.0,6.0,-23.0,158.0,-5.0,38.0,-26.0,381.0,-23.0,46.0,-43.0,117.0,148.0,47.0,-55.0,173.0,42.0,-9.0,-20.0
3,2014-04,1705,41.0,-86.0,-152.0,379.0,-101.0,-39.0,33.0,-533.0,-96.0,63.0,-90.0,151.0,69.0,2.0,-14.0,-21.0,-232.0,112.0,-13.0,-73.0,-92.0,58.0,-45.0,-96.0,-34.0,-280.0,-26.0,107.0,-11.0,108.0,95.0,-43.0,-2.0,52.0,78.0,12.0,6.0,-23.0,158.0,-5.0,38.0,-26.0,381.0,-23.0,46.0,-43.0,117.0,148.0,47.0,-55.0,173.0,42.0,-9.0
3,2014-05,1668,-37.0,41.0,-86.0,-152.0,379.0,-101.0,-39.0,33.0,-533.0,-96.0,63.0,-90.0,151.0,69.0,2.0,-14.0,-21.0,-232.0,112.0,-13.0,-73.0,-92.0,58.0,-45.0,-96.0,-34.0,-280.0,-26.0,107.0,-11.0,108.0,95.0,-43.0,-2.0,52.0,78.0,12.0,6.0,-23.0,158.0,-5.0,38.0,-26.0,381.0,-23.0,46.0,-43.0,117.0,148.0,47.0,-55.0,173.0,42.0
3,2014-06,1872,204.0,-37.0,41.0,-86.0,-152.0,379.0,-101.0,-39.0,33.0,-533.0,-96.0,63.0,-90.0,151.0,69.0,2.0,-14.0,-21.0,-232.0,112.0,-13.0,-73.0,-92.0,58.0,-45.0,-96.0,-34.0,-280.0,-26.0,107.0,-11.0,108.0,95.0,-43.0,-2.0,52.0,78.0,12.0,6.0,-23.0,158.0,-5.0,38.0,-26.0,381.0,-23.0,46.0,-43.0,117.0,148.0,47.0,-55.0,173.0
3,2014-07,1802,-70.0,204.0,-37.0,41.0,-86.0,-152.0,379.0,-101.0,-39.0,33.0,-533.0,-96.0,63.0,-90.0,151.0,69.0,2.0,-14.0,-21.0,-232.0,112.0,-13.0,-73.0,-92.0,58.0,-45.0,-96.0,-34.0,-280.0,-26.0,107.0,-11.0,108.0,95.0,-43.0,-2.0,52.0,78.0,12.0,6.0,-23.0,158.0,-5.0,38.0,-26.0,381.0,-23.0,46.0,-43.0,117.0,148.0,47.0,-55.0
3,2014-08,1902,100.0,-70.0,204.0,-37.0,41.0,-86.0,-152.0,379.0,-101.0,-39.0,33.0,-533.0,-96.0,63.0,-90.0,151.0,69.0,2.0,-14.0,-21.0,-232.0,112.0,-13.0,-73.0,-92.0,58.0,-45.0,-96.0,-34.0,-280.0,-26.0,107.0,-11.0,108.0,95.0,-43.0,-2.0,52.0,78.0,12.0,6.0,-23.0,158.0,-5.0,38.0,-26.0,381.0,-23.0,46.0,-43.0,117.0,148.0,47.0
3,2014-09,1948,46.0,100.0,-70.0,204.0,-37.0,41.0,-86.0,-152.0,379.0,-101.0,-39.0,33.0,-533.0,-96.0,63.0,-90.0,151.0,69.0,2.0,-14.0,-21.0,-232.0,112.0,-13.0,-73.0,-92.0,58.0,-45.0,-96.0,-34.0,-280.0,-26.0,107.0,-11.0,108.0,95.0,-43.0,-2.0,52.0,78.0,12.0,6.0,-23.0,158.0,-5.0,38.0,-26.0,381.0,-23.0,46.0,-43.0,117.0,148.0
3,2014-10,2192,244.0,46.0,100.0,-70.0,204.0,-37.0,41.0,-86.0,-152.0,379.0,-101.0,-39.0,33.0,-533.0,-96.0,63.0,-90.0,151.0,69.0,2.0,-14.0,-21.0,-232.0,112.0,-13.0,-73.0,-92.0,58.0,-45.0,-96.0,-34.0,-280.0,-26.0,107.0,-11.0,108.0,95.0,-43.0,-2.0,52.0,78.0,12.0,6.0,-23.0,158.0,-5.0,38.0,-26.0,381.0,-23.0,46.0,-43.0,117.0
3,2014-11,2178,-14.0,244.0,46.0,100.0,-70.0,204.0,-37.0,41.0,-86.0,-152.0,379.0,-101.0,-39.0,33.0,-533.0,-96.0,63.0,-90.0,151.0,69.0,2.0,-14.0,-21.0,-232.0,112.0,-13.0,-73.0,-92.0,58.0,-45.0,-96.0,-34.0,-280.0,-26.0,107.0,-11.0,108.0,95.0,-43.0,-2.0,52.0,78.0,12.0,6.0,-23.0,158.0,-5.0,38.0,-26.0,381.0,-23.0,46.0,-43.0
3,2014-12,2221,43.0,-14.0,244.0,46.0,100.0,-70.0,204.0,-37.0,41.0,-86.0,-152.0,379.0,-101.0,-39.0,33.0,-533.0,-96.0,63.0,-90.0,151.0,69.0,2.0,-14.0,-21.0,-232.0,112.0,-13.0,-73.0,-92.0,58.0,-45.0,-96.0,-34.0,-280.0,-26.0,107.0,-11.0,108.0,95.0,-43.0,-2.0,52.0,78.0,12.0,6.0,-23.0,158.0,-5.0,38.0,-26.0,381.0,-23.0,46.0
3,2014-13,2214,-7.0,43.0,-14.0,244.0,46.0,100.0,-70.0,204.0,-37.0,41.0,-86.0,-152.0,379.0,-101.0,-39.0,33.0,-533.0,-96.0,63.0,-90.0,151.0,69.0,2.0,-14.0,-21.0,-232.0,112.0,-13.0,-73.0,-92.0,58.0,-45.0,-96.0,-34.0,-280.0,-26.0,107.0,-11.0,108.0,95.0,-43.0,-2.0,52.0,78.0,12.0,6.0,-23.0,158.0,-5.0,38.0,-26.0,381.0,-23.0
3,2014-14,2414,200.0,-7.0,43.0,-14.0,244.0,46.0,100.0,-70.0,204.0,-37.0,41.0,-86.0,-152.0,379.0,-101.0,-39.0,33.0,-533.0,-96.0,63.0,-90.0,151.0,69.0,2.0,-14.0,-21.0,-232.0,112.0,-13.0,-73.0,-92.0,58.0,-45.0,-96.0,-34.0,-280.0,-26.0,107.0,-11.0,108.0,95.0,-43.0,-2.0,52.0,78.0,12.0,6.0,-23.0,158.0,-5.0,38.0,-26.0,381.0
3,2014-15,2605,191.0,200.0,-7.0,43.0,-14.0,244.0,46.0,100.0,-70.0,204.0,-37.0,41.0,-86.0,-152.0,379.0,-101.0,-39.0,33.0,-533.0,-96.0,63.0,-90.0,151.0,69.0,2.0,-14.0,-21.0,-232.0,112.0,-13.0,-73.0,-92.0,58.0,-45.0,-96.0,-34.0,-280.0,-26.0,107.0,-11.0,108.0,95.0,-43.0,-2.0,52.0,78.0,12.0,6.0,-23.0,158.0,-5.0,38.0,-26.0
3,2014-16,2593,-12.0,191.0,200.0,-7.0,43.0,-14.0,244.0,46.0,100.0,-70.0,204.0,-37.0,41.0,-86.0,-152.0,379.0,-101.0,-39.0,33.0,-533.0,-96.0,63.0,-90.0,151.0,69.0,2.0,-14.0,-21.0,-232.0,112.0,-13.0,-73.0,-92.0,58.0,-45.0,-96.0,-34.0,-280.0,-26.0,107.0,-11.0,108.0,95.0,-43.0,-2.0,52.0,78.0,12.0,6.0,-23.0,158.0,-5.0,38.0
3,2014-17,2566,-27.0,-12.0,191.0,200.0,-7.0,43.0,-14.0,244.0,46.0,100.0,-70.0,204.0,-37.0,41.0,-86.0,-152.0,379.0,-101.0,-39.0,33.0,-533.0,-96.0,63.0,-90.0,151.0,69.0,2.0,-14.0,-21.0,-232.0,112.0,-13.0,-73.0,-92.0,58.0,-45.0,-96.0,-34.0,-280.0,-26.0,107.0,-11.0,108.0,95.0,-43.0,-2.0,52.0,78.0,12.0,6.0,-23.0,158.0,-5.0
3,2014-18,2658,92.0,-27.0,-12.0,191.0,200.0,-7.0,43.0,-14.0,244.0,46.0,100.0,-70.0,204.0,-37.0,41.0,-86.0,-152.0,379.0,-101.0,-39.0,33.0,-533.0,-96.0,63.0,-90.0,151.0,69.0,2.0,-14.0,-21.0,-232.0,112.0,-13.0,-73.0,-92.0,58.0,-45.0,-96.0,-34.0,-280.0,-26.0,107.0,-11.0,108.0,95.0,-43.0,-2.0,52.0,78.0,12.0,6.0,-23.0,158.0
3,2014-19,2755,97.0,92.0,-27.0,-12.0,191.0,200.0,-7.0,43.0,-14.0,244.0,46.0,100.0,-70.0,204.0,-37.0,41.0,-86.0,-152.0,379.0,-101.0,-39.0,33.0,-533.0,-96.0,63.0,-90.0,151.0,69.0,2.0,-14.0,-21.0,-232.0,112.0,-13.0,-73.0,-92.0,58.0,-45.0,-96.0,-34.0,-280.0,-26.0,107.0,-11.0,108.0,95.0,-43.0,-2.0,52.0,78.0,12.0,6.0,-23.0
3,2014-20,2850,95.0,97.0,92.0,-27.0,-12.0,191.0,200.0,-7.0,43.0,-14.0,244.0,46.0,100.0,-70.0,204.0,-37.0,41.0,-86.0,-152.0,379.0,-101.0,-39.0,33.0,-533.0,-96.0,63.0,-90.0,151.0,69.0,2.0,-14.0,-21.0,-232.0,112.0,-13.0,-73.0,-92.0,58.0,-45.0,-96.0,-34.0,-280.0,-26.0,107.0,-11.0,108.0,95.0,-43.0,-2.0,52.0,78.0,12.0,6.0
3,2014-21,2712,-138.0,95.0,97.0,92.0,-27.0,-12.0,191.0,200.0,-7.0,43.0,-14.0,244.0,46.0,100.0,-70.0,204.0,-37.0,41.0,-86.0,-152.0,379.0,-101.0,-39.0,33.0,-533.0,-96.0,63.0,-90.0,151.0,69.0,2.0,-14.0,-21.0,-232.0,112.0,-13.0,-73.0,-92.0,58.0,-45.0,-96.0,-34.0,-280.0,-26.0,107.0,-11.0,108.0,95.0,-43.0,-2.0,52.0,78.0,12.0
3,2014-22,2831,119.0,-138.0,95.0,97.0,92.0,-27.0,-12.0,191.0,200.0,-7.0,43.0,-14.0,244.0,46.0,100.0,-70.0,204.0,-37.0,41.0,-86.0,-152.0,379.0,-101.0,-39.0,33.0,-533.0,-96.0,63.0,-90.0,151.0,69.0,2.0,-14.0,-21.0,-232.0,112.0,-13.0,-73.0,-92.0,58.0,-45.0,-96.0,-34.0,-280.0,-26.0,107.0,-11.0,108.0,95.0,-43.0,-2.0,52.0,78.0
3,2014-23,3057,226.0,119.0,-138.0,95.0,97.0,92.0,-27.0,-12.0,191.0,200.0,-7.0,43.0,-14.0,244.0,46.0,100.0,-70.0,204.0,-37.0,41.0,-86.0,-152.0,379.0,-101.0,-39.0,33.0,-533.0,-96.0,63.0,-90.0,151.0,69.0,2.0,-14.0,-21.0,-232.0,112.0,-13.0,-73.0,-92.0,58.0,-45.0,-96.0,-34.0,-280.0,-26.0,107.0,-11.0,108.0,95.0,-43.0,-2.0,52.0
3,2014-24,2992,-65.0,226.0,119.0,-138.0,95.0,97.0,92.0,-27.0,-12.0,191.0,200.0,-7.0,43.0,-14.0,244.0,46.0,100.0,-70.0,204.0,-37.0,41.0,-86.0,-152.0,379.0,-101.0,-39.0,33.0,-533.0,-96.0,63.0,-90.0,151.0,69.0,2.0,-14.0,-21.0,-232.0,112.0,-13.0,-73.0,-92.0,58.0,-45.0,-96.0,-34.0,-280.0,-26.0,107.0,-11.0,108.0,95.0,-43.0,-2.0
3,2014-25,3025,33.0,-65.0,226.0,119.0,-138.0,95.0,97.0,92.0,-27.0,-12.0,191.0,200.0,-7.0,43.0,-14.0,244.0,46.0,100.0,-70.0,204.0,-37.0,41.0,-86.0,-152.0,379.0,-101.0,-39.0,33.0,-533.0,-96.0,63.0,-90.0,151.0,69.0,2.0,-14.0,-21.0,-232.0,112.0,-13.0,-73.0,-92.0,58.0,-45.0,-96.0,-34.0,-280.0,-26.0,107.0,-11.0,108.0,95.0,-43.0
3,2014-26,3036,11.0,33.0,-65.0,226.0,119.0,-138.0,95.0,97.0,92.0,-27.0,-12.0,191.0,200.0,-7.0,43.0,-14.0,244.0,46.0,100.0,-70.0,204.0,-37.0,41.0,-86.0,-152.0,379.0,-101.0,-39.0,33.0,-533.0,-96.0,63.0,-90.0,151.0,69.0,2.0,-14.0,-21.0,-232.0,112.0,-13.0,-73.0,-92.0,58.0,-45.0,-96.0,-34.0,-280.0,-26.0,107.0,-11.0,108.0,95.0
3,2014-27,3051,15.0,11.0,33.0,-65.0,226.0,119.0,-138.0,95.0,97.0,92.0,-27.0,-12.0,191.0,200.0,-7.0,43.0,-14.0,244.0,46.0,100.0,-70.0,204.0,-37.0,41.0,-86.0,-152.0,379.0,-101.0,-39.0,33.0,-533.0,-96.0,63.0,-90.0,151.0,69.0,2.0,-14.0,-21.0,-232.0,112.0,-13.0,-73.0,-92.0,58.0,-45.0,-96.0,-34.0,-280.0,-26.0,107.0,-11.0,108.0
3,2014-28,3123,72.0,15.0,11.0,33.0,-65.0,226.0,119.0,-138.0,95.0,97.0,92.0,-27.0,-12.0,191.0,200.0,-7.0,43.0,-14.0,244.0,46.0,100.0,-70.0,204.0,-37.0,41.0,-86.0,-152.0,379.0,-101.0,-39.0,33.0,-533.0,-96.0,63.0,-90.0,151.0,69.0,2.0,-14.0,-21.0,-232.0,112.0,-13.0,-73.0,-92.0,58.0,-45.0,-96.0,-34.0,-280.0,-26.0,107.0,-11.0
3,2014-29,3175,52.0,72.0,15.0,11.0,33.0,-65.0,226.0,119.0,-138.0,95.0,97.0,92.0,-27.0,-12.0,191.0,200.0,-7.0,43.0,-14.0,244.0,46.0,100.0,-70.0,204.0,-37.0,41.0,-86.0,-152.0,379.0,-101.0,-39.0,33.0,-533.0,-96.0,63.0,-90.0,151.0,69.0,2.0,-14.0,-21.0,-232.0,112.0,-13.0,-73.0,-92.0,58.0,-45.0,-96.0,-34.0,-280.0,-26.0,107.0
3,2014-30,3139,-36.0,52.0,72.0,15.0,11.0,33.0,-65.0,226.0,119.0,-138.0,95.0,97.0,92.0,-27.0,-12.0,191.0,200.0,-7.0,43.0,-14.0,244.0,46.0,100.0,-70.0,204.0,-37.0,41.0,-86.0,-152.0,379.0,-101.0,-39.0,33.0,-533.0,-96.0,63.0,-90.0,151.0,69.0,2.0,-14.0,-21.0,-232.0,112.0,-13.0,-73.0,-92.0,58.0,-45.0,-96.0,-34.0,-280.0,-26.0
3,2014-31,2967,-172.0,-36.0,52.0,72.0,15.0,11.0,33.0,-65.0,226.0,119.0,-138.0,95.0,97.0,92.0,-27.0,-12.0,191.0,200.0,-7.0,43.0,-14.0,244.0,46.0,100.0,-70.0,204.0,-37.0,41.0,-86.0,-152.0,379.0,-101.0,-39.0,33.0,-533.0,-96.0,63.0,-90.0,151.0,69.0,2.0,-14.0,-21.0,-232.0,112.0,-13.0,-73.0,-92.0,58.0,-45.0,-96.0,-34.0,-280.0
3,2014-32,2775,-192.0,-172.0,-36.0,52.0,72.0,15.0,11.0,33.0,-65.0,226.0,119.0,-138.0,95.0,97.0,92.0,-27.0,-12.0,191.0,200.0,-7.0,43.0,-14.0,244.0,46.0,100.0,-70.0,204.0,-37.0,41.0,-86.0,-152.0,379.0,-101.0,-39.0,33.0,-533.0,-96.0,63.0,-90.0,151.0,69.0,2.0,-14.0,-21.0,-232.0,112.0,-13.0,-73.0,-92.0,58.0,-45.0,-96.0,-34.0
3,2014-33,2789,14.0,-192.0,-172.0,-36.0,52.0,72.0,15.0,11.0,33.0,-65.0,226.0,119.0,-138.0,95.0,97.0,92.0,-27.0,-12.0,191.0,200.0,-7.0,43.0,-14.0,244.0,46.0,100.0,-70.0,204.0,-37.0,41.0,-86.0,-152.0,379.0,-101.0,-39.0,33.0,-533.0,-96.0,63.0,-90.0,151.0,69.0,2.0,-14.0,-21.0,-232.0,112.0,-13.0,-73.0,-92.0,58.0,-45.0,-96.0
3,2014-34,2755,-34.0,14.0,-192.0,-172.0,-36.0,52.0,72.0,15.0,11.0,33.0,-65.0,226.0,119.0,-138.0,95.0,97.0,92.0,-27.0,-12.0,191.0,200.0,-7.0,43.0,-14.0,244.0,46.0,100.0,-70.0,204.0,-37.0,41.0,-86.0,-152.0,379.0,-101.0,-39.0,33.0,-533.0,-96.0,63.0,-90.0,151.0,69.0,2.0,-14.0,-21.0,-232.0,112.0,-13.0,-73.0,-92.0,58.0,-45.0
3,2014-35,2705,-50.0,-34.0,14.0,-192.0,-172.0,-36.0,52.0,72.0,15.0,11.0,33.0,-65.0,226.0,119.0,-138.0,95.0,97.0,92.0,-27.0,-12.0,191.0,200.0,-7.0,43.0,-14.0,244.0,46.0,100.0,-70.0,204.0,-37.0,41.0,-86.0,-152.0,379.0,-101.0,-39.0,33.0,-533.0,-96.0,63.0,-90.0,151.0,69.0,2.0,-14.0,-21.0,-232.0,112.0,-13.0,-73.0,-92.0,58.0
3,2014-36,2549,-156.0,-50.0,-34.0,14.0,-192.0,-172.0,-36.0,52.0,72.0,15.0,11.0,33.0,-65.0,226.0,119.0,-138.0,95.0,97.0,92.0,-27.0,-12.0,191.0,200.0,-7.0,43.0,-14.0,244.0,46.0,100.0,-70.0,204.0,-37.0,41.0,-86.0,-152.0,379.0,-101.0,-39.0,33.0,-533.0,-96.0,63.0,-90.0,151.0,69.0,2.0,-14.0,-21.0,-232.0,112.0,-13.0,-73.0,-92.0
3,2014-37,2568,19.0,-156.0,-50.0,-34.0,14.0,-192.0,-172.0,-36.0,52.0,72.0,15.0,11.0,33.0,-65.0,226.0,119.0,-138.0,95.0,97.0,92.0,-27.0,-12.0,191.0,200.0,-7.0,43.0,-14.0,244.0,46.0,100.0,-70.0,204.0,-37.0,41.0,-86.0,-152.0,379.0,-101.0,-39.0,33.0,-533.0,-96.0,63.0,-90.0,151.0,69.0,2.0,-14.0,-21.0,-232.0,112.0,-13.0,-73.0
3,2014-38,2607,39.0,19.0,-156.0,-50.0,-34.0,14.0,-192.0,-172.0,-36.0,52.0,72.0,15.0,11.0,33.0,-65.0,226.0,119.0,-138.0,95.0,97.0,92.0,-27.0,-12.0,191.0,200.0,-7.0,43.0,-14.0,244.0,46.0,100.0,-70.0,204.0,-37.0,41.0,-86.0,-152.0,379.0,-101.0,-39.0,33.0,-533.0,-96.0,63.0,-90.0,151.0,69.0,2.0,-14.0,-21.0,-232.0,112.0,-13.0
3,2014-39,2633,26.0,39.0,19.0,-156.0,-50.0,-34.0,14.0,-192.0,-172.0,-36.0,52.0,72.0,15.0,11.0,33.0,-65.0,226.0,119.0,-138.0,95.0,97.0,92.0,-27.0,-12.0,191.0,200.0,-7.0,43.0,-14.0,244.0,46.0,100.0,-70.0,204.0,-37.0,41.0,-86.0,-152.0,379.0,-101.0,-39.0,33.0,-533.0,-96.0,63.0,-90.0,151.0,69.0,2.0,-14.0,-21.0,-232.0,112.0
3,2014-40,2409,-224.0,26.0,39.0,19.0,-156.0,-50.0,-34.0,14.0,-192.0,-172.0,-36.0,52.0,72.0,15.0,11.0,33.0,-65.0,226.0,119.0,-138.0,95.0,97.0,92.0,-27.0,-12.0,191.0,200.0,-7.0,43.0,-14.0,244.0,46.0,100.0,-70.0,204.0,-37.0,41.0,-86.0,-152.0,379.0,-101.0,-39.0,33.0,-533.0,-96.0,63.0,-90.0,151.0,69.0,2.0,-14.0,-21.0,-232.0
3,2014-41,2462,53.0,-224.0,26.0,39.0,19.0,-156.0,-50.0,-34.0,14.0,-192.0,-172.0,-36.0,52.0,72.0,15.0,11.0,33.0,-65.0,226.0,119.0,-138.0,95.0,97.0,92.0,-27.0,-12.0,191.0,200.0,-7.0,43.0,-14.0,244.0,46.0,100.0,-70.0,204.0,-37.0,41.0,-86.0,-152.0,379.0,-101.0,-39.0,33.0,-533.0,-96.0,63.0,-90.0,151.0,69.0,2.0,-14.0,-21.0
3,2014-42,2332,-130.0,53.0,-224.0,26.0,39.0,19.0,-156.0,-50.0,-34.0,14.0,-192.0,-172.0,-36.0,52.0,72.0,15.0,11.0,33.0,-65.0,226.0,119.0,-138.0,95.0,97.0,92.0,-27.0,-12.0,191.0,200.0,-7.0,43.0,-14.0,244.0,46.0,100.0,-70.0,204.0,-37.0,41.0,-86.0,-152.0,379.0,-101.0,-39.0,33.0,-533.0,-96.0,63.0,-90.0,151.0,69.0,2.0,-14.0
3,2014-43,2405,73.0,-130.0,53.0,-224.0,26.0,39.0,19.0,-156.0,-50.0,-34.0,14.0,-192.0,-172.0,-36.0,52.0,72.0,15.0,11.0,33.0,-65.0,226.0,119.0,-138.0,95.0,97.0,92.0,-27.0,-12.0,191.0,200.0,-7.0,43.0,-14.0,244.0,46.0,100.0,-70.0,204.0,-37.0,41.0,-86.0,-152.0,379.0,-101.0,-39.0,33.0,-533.0,-96.0,63.0,-90.0,151.0,69.0,2.0
3,2014-44,2468,63.0,73.0,-130.0,53.0,-224.0,26.0,39.0,19.0,-156.0,-50.0,-34.0,14.0,-192.0,-172.0,-36.0,52.0,72.0,15.0,11.0,33.0,-65.0,226.0,119.0,-138.0,95.0,97.0,92.0,-27.0,-12.0,191.0,200.0,-7.0,43.0,-14.0,244.0,46.0,100.0,-70.0,204.0,-37.0,41.0,-86.0,-152.0,379.0,-101.0,-39.0,33.0,-533.0,-96.0,63.0,-90.0,151.0,69.0
3,2014-45,2661,193.0,63.0,73.0,-130.0,53.0,-224.0,26.0,39.0,19.0,-156.0,-50.0,-34.0,14.0,-192.0,-172.0,-36.0,52.0,72.0,15.0,11.0,33.0,-65.0,226.0,119.0,-138.0,95.0,97.0,92.0,-27.0,-12.0,191.0,200.0,-7.0,43.0,-14.0,244.0,46.0,100.0,-70.0,204.0,-37.0,41.0,-86.0,-152.0,379.0,-101.0,-39.0,33.0,-533.0,-96.0,63.0,-90.0,151.0
3,2014-46,2528,-133.0,193.0,63.0,73.0,-130.0,53.0,-224.0,26.0,39.0,19.0,-156.0,-50.0,-34.0,14.0,-192.0,-172.0,-36.0,52.0,72.0,15.0,11.0,33.0,-65.0,226.0,119.0,-138.0,95.0,97.0,92.0,-27.0,-12.0,191.0,200.0,-7.0,43.0,-14.0,244.0,46.0,100.0,-70.0,204.0,-37.0,41.0,-86.0,-152.0,379.0,-101.0,-39.0,33.0,-533.0,-96.0,63.0,-90.0
3,2014-47,2604,76.0,-133.0,193.0,63.0,73.0,-130.0,53.0,-224.0,26.0,39.0,19.0,-156.0,-50.0,-34.0,14.0,-192.0,-172.0,-36.0,52.0,72.0,15.0,11.0,33.0,-65.0,226.0,119.0,-138.0,95.0,97.0,92.0,-27.0,-12.0,191.0,200.0,-7.0,43.0,-14.0,244.0,46.0,100.0,-70.0,204.0,-37.0,41.0,-86.0,-152.0,379.0,-101.0,-39.0,33.0,-533.0,-96.0,63.0
3,2014-48,2528,-76.0,76.0,-133.0,193.0,63.0,73.0,-130.0,53.0,-224.0,26.0,39.0,19.0,-156.0,-50.0,-34.0,14.0,-192.0,-172.0,-36.0,52.0,72.0,15.0,11.0,33.0,-65.0,226.0,119.0,-138.0,95.0,97.0,92.0,-27.0,-12.0,191.0,200.0,-7.0,43.0,-14.0,244.0,46.0,100.0,-70.0,204.0,-37.0,41.0,-86.0,-152.0,379.0,-101.0,-39.0,33.0,-533.0,-96.0
3,2014-49,1892,-636.0,-76.0,76.0,-133.0,193.0,63.0,73.0,-130.0,53.0,-224.0,26.0,39.0,19.0,-156.0,-50.0,-34.0,14.0,-192.0,-172.0,-36.0,52.0,72.0,15.0,11.0,33.0,-65.0,226.0,119.0,-138.0,95.0,97.0,92.0,-27.0,-12.0,191.0,200.0,-7.0,43.0,-14.0,244.0,46.0,100.0,-70.0,204.0,-37.0,41.0,-86.0,-152.0,379.0,-101.0,-39.0,33.0,-533.0
3,2014-50,1949,57.0,-636.0,-76.0,76.0,-133.0,193.0,63.0,73.0,-130.0,53.0,-224.0,26.0,39.0,19.0,-156.0,-50.0,-34.0,14.0,-192.0,-172.0,-36.0,52.0,72.0,15.0,11.0,33.0,-65.0,226.0,119.0,-138.0,95.0,97.0,92.0,-27.0,-12.0,191.0,200.0,-7.0,43.0,-14.0,244.0,46.0,100.0,-70.0,204.0,-37.0,41.0,-86.0,-152.0,379.0,-101.0,-39.0,33.0
3,2014-51,1898,-51.0,57.0,-636.0,-76.0,76.0,-133.0,193.0,63.0,73.0,-130.0,53.0,-224.0,26.0,39.0,19.0,-156.0,-50.0,-34.0,14.0,-192.0,-172.0,-36.0,52.0,72.0,15.0,11.0,33.0,-65.0,226.0,119.0,-138.0,95.0,97.0,92.0,-27.0,-12.0,191.0,200.0,-7.0,43.0,-14.0,244.0,46.0,100.0,-70.0,204.0,-37.0,41.0,-86.0,-152.0,379.0,-101.0,-39.0
3,2014-52,1820,-78.0,-51.0,57.0,-636.0,-76.0,76.0,-133.0,193.0,63.0,73.0,-130.0,53.0,-224.0,26.0,39.0,19.0,-156.0,-50.0,-34.0,14.0,-192.0,-172.0,-36.0,52.0,72.0,15.0,11.0,33.0,-65.0,226.0,119.0,-138.0,95.0,97.0,92.0,-27.0,-12.0,191.0,200.0,-7.0,43.0,-14.0,244.0,46.0,100.0,-70.0,204.0,-37.0,41.0,-86.0,-152.0,379.0,-101.0
3,2015-01,1104,-716.0,-78.0,-51.0,57.0,-636.0,-76.0,76.0,-133.0,193.0,63.0,73.0,-130.0,53.0,-224.0,26.0,39.0,19.0,-156.0,-50.0,-34.0,14.0,-192.0,-172.0,-36.0,52.0,72.0,15.0,11.0,33.0,-65.0,226.0,119.0,-138.0,95.0,97.0,92.0,-27.0,-12.0,191.0,200.0,-7.0,43.0,-14.0,244.0,46.0,100.0,-70.0,204.0,-37.0,41.0,-86.0,-152.0,379.0
3,2015-02,1712,608.0,-716.0,-78.0,-51.0,57.0,-636.0,-76.0,76.0,-133.0,193.0,63.0,73.0,-130.0,53.0,-224.0,26.0,39.0,19.0,-156.0,-50.0,-34.0,14.0,-192.0,-172.0,-36.0,52.0,72.0,15.0,11.0,33.0,-65.0,226.0,119.0,-138.0,95.0,97.0,92.0,-27.0,-12.0,191.0,200.0,-7.0,43.0,-14.0,244.0,46.0,100.0,-70.0,204.0,-37.0,41.0,-86.0,-152.0
3,2015-03,1784,72.0,608.0,-716.0,-78.0,-51.0,57.0,-636.0,-76.0,76.0,-133.0,193.0,63.0,73.0,-130.0,53.0,-224.0,26.0,39.0,19.0,-156.0,-50.0,-34.0,14.0,-192.0,-172.0,-36.0,52.0,72.0,15.0,11.0,33.0,-65.0,226.0,119.0,-138.0,95.0,97.0,92.0,-27.0,-12.0,191.0,200.0,-7.0,43.0,-14.0,244.0,46.0,100.0,-70.0,204.0,-37.0,41.0,-86.0
3,2015-04,1738,-46.0,72.0,608.0,-716.0,-78.0,-51.0,57.0,-636.0,-76.0,76.0,-133.0,193.0,63.0,73.0,-130.0,53.0,-224.0,26.0,39.0,19.0,-156.0,-50.0,-34.0,14.0,-192.0,-172.0,-36.0,52.0,72.0,15.0,11.0,33.0,-65.0,226.0,119.0,-138.0,95.0,97.0,92.0,-27.0,-12.0,191.0,200.0,-7.0,43.0,-14.0,244.0,46.0,100.0,-70.0,204.0,-37.0,41.0
3,2015-05,1814,76.0,-46.0,72.0,608.0,-716.0,-78.0,-51.0,57.0,-636.0,-76.0,76.0,-133.0,193.0,63.0,73.0,-130.0,53.0,-224.0,26.0,39.0,19.0,-156.0,-50.0,-34.0,14.0,-192.0,-172.0,-36.0,52.0,72.0,15.0,11.0,33.0,-65.0,226.0,119.0,-138.0,95.0,97.0,92.0,-27.0,-12.0,191.0,200.0,-7.0,43.0,-14.0,244.0,46.0,100.0,-70.0,204.0,-37.0
3,2015-06,1891,77.0,76.0,-46.0,72.0,608.0,-716.0,-78.0,-51.0,57.0,-636.0,-76.0,76.0,-133.0,193.0,63.0,73.0,-130.0,53.0,-224.0,26.0,39.0,19.0,-156.0,-50.0,-34.0,14.0,-192.0,-172.0,-36.0,52.0,72.0,15.0,11.0,33.0,-65.0,226.0,119.0,-138.0,95.0,97.0,92.0,-27.0,-12.0,191.0,200.0,-7.0,43.0,-14.0,244.0,46.0,100.0,-70.0,204.0
3,2015-07,1869,-22.0,77.0,76.0,-46.0,72.0,608.0,-716.0,-78.0,-51.0,57.0,-636.0,-76.0,76.0,-133.0,193.0,63.0,73.0,-130.0,53.0,-224.0,26.0,39.0,19.0,-156.0,-50.0,-34.0,14.0,-192.0,-172.0,-36.0,52.0,72.0,15.0,11.0,33.0,-65.0,226.0,119.0,-138.0,95.0,97.0,92.0,-27.0,-12.0,191.0,200.0,-7.0,43.0,-14.0,244.0,46.0,100.0,-70.0
3,2015-08,1918,49.0,-22.0,77.0,76.0,-46.0,72.0,608.0,-716.0,-78.0,-51.0,57.0,-636.0,-76.0,76.0,-133.0,193.0,63.0,73.0,-130.0,53.0,-224.0,26.0,39.0,19.0,-156.0,-50.0,-34.0,14.0,-192.0,-172.0,-36.0,52.0,72.0,15.0,11.0,33.0,-65.0,226.0,119.0,-138.0,95.0,97.0,92.0,-27.0,-12.0,191.0,200.0,-7.0,43.0,-14.0,244.0,46.0,100.0
3,2015-09,1961,43.0,49.0,-22.0,77.0,76.0,-46.0,72.0,608.0,-716.0,-78.0,-51.0,57.0,-636.0,-76.0,76.0,-133.0,193.0,63.0,73.0,-130.0,53.0,-224.0,26.0,39.0,19.0,-156.0,-50.0,-34.0,14.0,-192.0,-172.0,-36.0,52.0,72.0,15.0,11.0,33.0,-65.0,226.0,119.0,-138.0,95.0,97.0,92.0,-27.0,-12.0,191.0,200.0,-7.0,43.0,-14.0,244.0,46.0
3,2015-10,2355,394.0,43.0,49.0,-22.0,77.0,76.0,-46.0,72.0,608.0,-716.0,-78.0,-51.0,57.0,-636.0,-76.0,76.0,-133.0,193.0,63.0,73.0,-130.0,53.0,-224.0,26.0,39.0,19.0,-156.0,-50.0,-34.0,14.0,-192.0,-172.0,-36.0,52.0,72.0,15.0,11.0,33.0,-65.0,226.0,119.0,-138.0,95.0,97.0,92.0,-27.0,-12.0,191.0,200.0,-7.0,43.0,-14.0,244.0
3,2015-11,2371,16.0,394.0,43.0,49.0,-22.0,77.0,76.0,-46.0,72.0,608.0,-716.0,-78.0,-51.0,57.0,-636.0,-76.0,76.0,-133.0,193.0,63.0,73.0,-130.0,53.0,-224.0,26.0,39.0,19.0,-156.0,-50.0,-34.0,14.0,-192.0,-172.0,-36.0,52.0,72.0,15.0,11.0,33.0,-65.0,226.0,119.0,-138.0,95.0,97.0,92.0,-27.0,-12.0,191.0,200.0,-7.0,43.0,-14.0
3,2015-12,2251,-120.0,16.0,394.0,43.0,49.0,-22.0,77.0,76.0,-46.0,72.0,608.0,-716.0,-78.0,-51.0,57.0,-636.0,-76.0,76.0,-133.0,193.0,63.0,73.0,-130.0,53.0,-224.0,26.0,39.0,19.0,-156.0,-50.0,-34.0,14.0,-192.0,-172.0,-36.0,52.0,72.0,15.0,11.0,33.0,-65.0,226.0,119.0,-138.0,95.0,97.0,92.0,-27.0,-12.0,191.0,200.0,-7.0,43.0
3,2015-13,2274,23.0,-120.0,16.0,394.0,43.0,49.0,-22.0,77.0,76.0,-46.0,72.0,608.0,-716.0,-78.0,-51.0,57.0,-636.0,-76.0,76.0,-133.0,193.0,63.0,73.0,-130.0,53.0,-224.0,26.0,39.0,19.0,-156.0,-50.0,-34.0,14.0,-192.0,-172.0,-36.0,52.0,72.0,15.0,11.0,33.0,-65.0,226.0,119.0,-138.0,95.0,97.0,92.0,-27.0,-12.0,191.0,200.0,-7.0
3,2015-14,2597,323.0,23.0,-120.0,16.0,394.0,43.0,49.0,-22.0,77.0,76.0,-46.0,72.0,608.0,-716.0,-78.0,-51.0,57.0,-636.0,-76.0,76.0,-133.0,193.0,63.0,73.0,-130.0,53.0,-224.0,26.0,39.0,19.0,-156.0,-50.0,-34.0,14.0,-192.0,-172.0,-36.0,52.0,72.0,15.0,11.0,33.0,-65.0,226.0,119.0,-138.0,95.0,97.0,92.0,-27.0,-12.0,191.0,200.0
3,2015-15,2764,167.0,323.0,23.0,-120.0,16.0,394.0,43.0,49.0,-22.0,77.0,76.0,-46.0,72.0,608.0,-716.0,-78.0,-51.0,57.0,-636.0,-76.0,76.0,-133.0,193.0,63.0,73.0,-130.0,53.0,-224.0,26.0,39.0,19.0,-156.0,-50.0,-34.0,14.0,-192.0,-172.0,-36.0,52.0,72.0,15.0,11.0,33.0,-65.0,226.0,119.0,-138.0,95.0,97.0,92.0,-27.0,-12.0,191.0
3,2015-16,2740,-24.0,167.0,323.0,23.0,-120.0,16.0,394.0,43.0,49.0,-22.0,77.0,76.0,-46.0,72.0,608.0,-716.0,-78.0,-51.0,57.0,-636.0,-76.0,76.0,-133.0,193.0,63.0,73.0,-130.0,53.0,-224.0,26.0,39.0,19.0,-156.0,-50.0,-34.0,14.0,-192.0,-172.0,-36.0,52.0,72.0,15.0,11.0,33.0,-65.0,226.0,119.0,-138.0,95.0,97.0,92.0,-27.0,-12.0
3,2015-17,2628,-112.0,-24.0,167.0,323.0,23.0,-120.0,16.0,394.0,43.0,49.0,-22.0,77.0,76.0,-46.0,72.0,608.0,-716.0,-78.0,-51.0,57.0,-636.0,-76.0,76.0,-133.0,193.0,63.0,73.0,-130.0,53.0,-224.0,26.0,39.0,19.0,-156.0,-50.0,-34.0,14.0,-192.0,-172.0,-36.0,52.0,72.0,15.0,11.0,33.0,-65.0,226.0,119.0,-138.0,95.0,97.0,92.0,-27.0
3,2015-18,2749,121.0,-112.0,-24.0,167.0,323.0,23.0,-120.0,16.0,394.0,43.0,49.0,-22.0,77.0,76.0,-46.0,72.0,608.0,-716.0,-78.0,-51.0,57.0,-636.0,-76.0,76.0,-133.0,193.0,63.0,73.0,-130.0,53.0,-224.0,26.0,39.0,19.0,-156.0,-50.0,-34.0,14.0,-192.0,-172.0,-36.0,52.0,72.0,15.0,11.0,33.0,-65.0,226.0,119.0,-138.0,95.0,97.0,92.0
3,2015-19,2879,130.0,121.0,-112.0,-24.0,167.0,323.0,23.0,-120.0,16.0,394.0,43.0,49.0,-22.0,77.0,76.0,-46.0,72.0,608.0,-716.0,-78.0,-51.0,57.0,-636.0,-76.0,76.0,-133.0,193.0,63.0,73.0,-130.0,53.0,-224.0,26.0,39.0,19.0,-156.0,-50.0,-34.0,14.0,-192.0,-172.0,-36.0,52.0,72.0,15.0,11.0,33.0,-65.0,226.0,119.0,-138.0,95.0,97.0
3,2015-20,2914,35.0,130.0,121.0,-112.0,-24.0,167.0,323.0,23.0,-120.0,16.0,394.0,43.0,49.0,-22.0,77.0,76.0,-46.0,72.0,608.0,-716.0,-78.0,-51.0,57.0,-636.0,-76.0,76.0,-133.0,193.0,63.0,73.0,-130.0,53.0,-224.0,26.0,39.0,19.0,-156.0,-50.0,-34.0,14.0,-192.0,-172.0,-36.0,52.0,72.0,15.0,11.0,33.0,-65.0,226.0,119.0,-138.0,95.0
3,2015-21,2907,-7.0,35.0,130.0,121.0,-112.0,-24.0,167.0,323.0,23.0,-120.0,16.0,394.0,43.0,49.0,-22.0,77.0,76.0,-46.0,72.0,608.0,-716.0,-78.0,-51.0,57.0,-636.0,-76.0,76.0,-133.0,193.0,63.0,73.0,-130.0,53.0,-224.0,26.0,39.0,19.0,-156.0,-50.0,-34.0,14.0,-192.0,-172.0,-36.0,52.0,72.0,15.0,11.0,33.0,-65.0,226.0,119.0,-138.0
3,2015-22,2867,-40.0,-7.0,35.0,130.0,121.0,-112.0,-24.0,167.0,323.0,23.0,-120.0,16.0,394.0,43.0,49.0,-22.0,77.0,76.0,-46.0,72.0,608.0,-716.0,-78.0,-51.0,57.0,-636.0,-76.0,76.0,-133.0,193.0,63.0,73.0,-130.0,53.0,-224.0,26.0,39.0,19.0,-156.0,-50.0,-34.0,14.0,-192.0,-172.0,-36.0,52.0,72.0,15.0,11.0,33.0,-65.0,226.0,119.0
3,2015-23,3147,280.0,-40.0,-7.0,35.0,130.0,121.0,-112.0,-24.0,167.0,323.0,23.0,-120.0,16.0,394.0,43.0,49.0,-22.0,77.0,76.0,-46.0,72.0,608.0,-716.0,-78.0,-51.0,57.0,-636.0,-76.0,76.0,-133.0,193.0,63.0,73.0,-130.0,53.0,-224.0,26.0,39.0,19.0,-156.0,-50.0,-34.0,14.0,-192.0,-172.0,-36.0,52.0,72.0,15.0,11.0,33.0,-65.0,226.0
3,2015-24,3256,109.0,280.0,-40.0,-7.0,35.0,130.0,121.0,-112.0,-24.0,167.0,323.0,23.0,-120.0,16.0,394.0,43.0,49.0,-22.0,77.0,76.0,-46.0,72.0,608.0,-716.0,-78.0,-51.0,57.0,-636.0,-76.0,76.0,-133.0,193.0,63.0,73.0,-130.0,53.0,-224.0,26.0,39.0,19.0,-156.0,-50.0,-34.0,14.0,-192.0,-172.0,-36.0,52.0,72.0,15.0,11.0,33.0,-65.0
3,2015-25,3058,-198.0,109.0,280.0,-40.0,-7.0,35.0,130.0,121.0,-112.0,-24.0,167.0,323.0,23.0,-120.0,16.0,394.0,43.0,49.0,-22.0,77.0,76.0,-46.0,72.0,608.0,-716.0,-78.0,-51.0,57.0,-636.0,-76.0,76.0,-133.0,193.0,63.0,73.0,-130.0,53.0,-224.0,26.0,39.0,19.0,-156.0,-50.0,-34.0,14.0,-192.0,-172.0,-36.0,52.0,72.0,15.0,11.0,33.0
3,2015-26,3132,74.0,-198.0,109.0,280.0,-40.0,-7.0,35.0,130.0,121.0,-112.0,-24.0,167.0,323.0,23.0,-120.0,16.0,394.0,43.0,49.0,-22.0,77.0,76.0,-46.0,72.0,608.0,-716.0,-78.0,-51.0,57.0,-636.0,-76.0,76.0,-133.0,193.0,63.0,73.0,-130.0,53.0,-224.0,26.0,39.0,19.0,-156.0,-50.0,-34.0,14.0,-192.0,-172.0,-36.0,52.0,72.0,15.0,11.0
3,2015-27,3172,40.0,74.0,-198.0,109.0,280.0,-40.0,-7.0,35.0,130.0,121.0,-112.0,-24.0,167.0,323.0,23.0,-120.0,16.0,394.0,43.0,49.0,-22.0,77.0,76.0,-46.0,72.0,608.0,-716.0,-78.0,-51.0,57.0,-636.0,-76.0,76.0,-133.0,193.0,63.0,73.0,-130.0,53.0,-224.0,26.0,39.0,19.0,-156.0,-50.0,-34.0,14.0,-192.0,-172.0,-36.0,52.0,72.0,15.0
3,2015-28,3308,136.0,40.0,74.0,-198.0,109.0,280.0,-40.0,-7.0,35.0,130.0,121.0,-112.0,-24.0,167.0,323.0,23.0,-120.0,16.0,394.0,43.0,49.0,-22.0,77.0,76.0,-46.0,72.0,608.0,-716.0,-78.0,-51.0,57.0,-636.0,-76.0,76.0,-133.0,193.0,63.0,73.0,-130.0,53.0,-224.0,26.0,39.0,19.0,-156.0,-50.0,-34.0,14.0,-192.0,-172.0,-36.0,52.0,72.0
3,2015-29,3306,-2.0,136.0,40.0,74.0,-198.0,109.0,280.0,-40.0,-7.0,35.0,130.0,121.0,-112.0,-24.0,167.0,323.0,23.0,-120.0,16.0,394.0,43.0,49.0,-22.0,77.0,76.0,-46.0,72.0,608.0,-716.0,-78.0,-51.0,57.0,-636.0,-76.0,76.0,-133.0,193.0,63.0,73.0,-130.0,53.0,-224.0,26.0,39.0,19.0,-156.0,-50.0,-34.0,14.0,-192.0,-172.0,-36.0,52.0
3,2015-30,3302,-4.0,-2.0,136.0,40.0,74.0,-198.0,109.0,280.0,-40.0,-7.0,35.0,130.0,121.0,-112.0,-24.0,167.0,323.0,23.0,-120.0,16.0,394.0,43.0,49.0,-22.0,77.0,76.0,-46.0,72.0,608.0,-716.0,-78.0,-51.0,57.0,-636.0,-76.0,76.0,-133.0,193.0,63.0,73.0,-130.0,53.0,-224.0,26.0,39.0,19.0,-156.0,-50.0,-34.0,14.0,-192.0,-172.0,-36.0
3,2015-31,3150,-152.0,-4.0,-2.0,136.0,40.0,74.0,-198.0,109.0,280.0,-40.0,-7.0,35.0,130.0,121.0,-112.0,-24.0,167.0,323.0,23.0,-120.0,16.0,394.0,43.0,49.0,-22.0,77.0,76.0,-46.0,72.0,608.0,-716.0,-78.0,-51.0,57.0,-636.0,-76.0,76.0,-133.0,193.0,63.0,73.0,-130.0,53.0,-224.0,26.0,39.0,19.0,-156.0,-50.0,-34.0,14.0,-192.0,-172.0
3,2015-32,2940,-210.0,-152.0,-4.0,-2.0,136.0,40.0,74.0,-198.0,109.0,280.0,-40.0,-7.0,35.0,130.0,121.0,-112.0,-24.0,167.0,323.0,23.0,-120.0,16.0,394.0,43.0,49.0,-22.0,77.0,76.0,-46.0,72.0,608.0,-716.0,-78.0,-51.0,57.0,-636.0,-76.0,76.0,-133.0,193.0,63.0,73.0,-130.0,53.0,-224.0,26.0,39.0,19.0,-156.0,-50.0,-34.0,14.0,-192.0
3,2015-33,2930,-10.0,-210.0,-152.0,-4.0,-2.0,136.0,40.0,74.0,-198.0,109.0,280.0,-40.0,-7.0,35.0,130.0,121.0,-112.0,-24.0,167.0,323.0,23.0,-120.0,16.0,394.0,43.0,49.0,-22.0,77.0,76.0,-46.0,72.0,608.0,-716.0,-78.0,-51.0,57.0,-636.0,-76.0,76.0,-133.0,193.0,63.0,73.0,-130.0,53.0,-224.0,26.0,39.0,19.0,-156.0,-50.0,-34.0,14.0
3,2015-34,2911,-19.0,-10.0,-210.0,-152.0,-4.0,-2.0,136.0,40.0,74.0,-198.0,109.0,280.0,-40.0,-7.0,35.0,130.0,121.0,-112.0,-24.0,167.0,323.0,23.0,-120.0,16.0,394.0,43.0,49.0,-22.0,77.0,76.0,-46.0,72.0,608.0,-716.0,-78.0,-51.0,57.0,-636.0,-76.0,76.0,-133.0,193.0,63.0,73.0,-130.0,53.0,-224.0,26.0,39.0,19.0,-156.0,-50.0,-34.0
3,2015-35,2921,10.0,-19.0,-10.0,-210.0,-152.0,-4.0,-2.0,136.0,40.0,74.0,-198.0,109.0,280.0,-40.0,-7.0,35.0,130.0,121.0,-112.0,-24.0,167.0,323.0,23.0,-120.0,16.0,394.0,43.0,49.0,-22.0,77.0,76.0,-46.0,72.0,608.0,-716.0,-78.0,-51.0,57.0,-636.0,-76.0,76.0,-133.0,193.0,63.0,73.0,-130.0,53.0,-224.0,26.0,39.0,19.0,-156.0,-50.0
3,2015-36,2715,-206.0,10.0,-19.0,-10.0,-210.0,-152.0,-4.0,-2.0,136.0,40.0,74.0,-198.0,109.0,280.0,-40.0,-7.0,35.0,130.0,121.0,-112.0,-24.0,167.0,323.0,23.0,-120.0,16.0,394.0,43.0,49.0,-22.0,77.0,76.0,-46.0,72.0,608.0,-716.0,-78.0,-51.0,57.0,-636.0,-76.0,76.0,-133.0,193.0,63.0,73.0,-130.0,53.0,-224.0,26.0,39.0,19.0,-156.0
3,2015-37,2738,23.0,-206.0,10.0,-19.0,-10.0,-210.0,-152.0,-4.0,-2.0,136.0,40.0,74.0,-198.0,109.0,280.0,-40.0,-7.0,35.0,130.0,121.0,-112.0,-24.0,167.0,323.0,23.0,-120.0,16.0,394.0,43.0,49.0,-22.0,77.0,76.0,-46.0,72.0,608.0,-716.0,-78.0,-51.0,57.0,-636.0,-76.0,76.0,-133.0,193.0,63.0,73.0,-130.0,53.0,-224.0,26.0,39.0,19.0
3,2015-38,2772,34.0,23.0,-206.0,10.0,-19.0,-10.0,-210.0,-152.0,-4.0,-2.0,136.0,40.0,74.0,-198.0,109.0,280.0,-40.0,-7.0,35.0,130.0,121.0,-112.0,-24.0,167.0,323.0,23.0,-120.0,16.0,394.0,43.0,49.0,-22.0,77.0,76.0,-46.0,72.0,608.0,-716.0,-78.0,-51.0,57.0,-636.0,-76.0,76.0,-133.0,193.0,63.0,73.0,-130.0,53.0,-224.0,26.0,39.0
3,2015-39,2723,-49.0,34.0,23.0,-206.0,10.0,-19.0,-10.0,-210.0,-152.0,-4.0,-2.0,136.0,40.0,74.0,-198.0,109.0,280.0,-40.0,-7.0,35.0,130.0,121.0,-112.0,-24.0,167.0,323.0,23.0,-120.0,16.0,394.0,43.0,49.0,-22.0,77.0,76.0,-46.0,72.0,608.0,-716.0,-78.0,-51.0,57.0,-636.0,-76.0,76.0,-133.0,193.0,63.0,73.0,-130.0,53.0,-224.0,26.0
3,2015-40,2587,-136.0,-49.0,34.0,23.0,-206.0,10.0,-19.0,-10.0,-210.0,-152.0,-4.0,-2.0,136.0,40.0,74.0,-198.0,109.0,280.0,-40.0,-7.0,35.0,130.0,121.0,-112.0,-24.0,167.0,323.0,23.0,-120.0,16.0,394.0,43.0,49.0,-22.0,77.0,76.0,-46.0,72.0,608.0,-716.0,-78.0,-51.0,57.0,-636.0,-76.0,76.0,-133.0,193.0,63.0,73.0,-130.0,53.0,-224.0
3,2015-41,2488,-99.0,-136.0,-49.0,34.0,23.0,-206.0,10.0,-19.0,-10.0,-210.0,-152.0,-4.0,-2.0,136.0,40.0,74.0,-198.0,109.0,280.0,-40.0,-7.0,35.0,130.0,121.0,-112.0,-24.0,167.0,323.0,23.0,-120.0,16.0,394.0,43.0,49.0,-22.0,77.0,76.0,-46.0,72.0,608.0,-716.0,-78.0,-51.0,57.0,-636.0,-76.0,76.0,-133.0,193.0,63.0,73.0,-130.0,53.0
3,2015-42,2507,19.0,-99.0,-136.0,-49.0,34.0,23.0,-206.0,10.0,-19.0,-10.0,-210.0,-152.0,-4.0,-2.0,136.0,40.0,74.0,-198.0,109.0,280.0,-40.0,-7.0,35.0,130.0,121.0,-112.0,-24.0,167.0,323.0,23.0,-120.0,16.0,394.0,43.0,49.0,-22.0,77.0,76.0,-46.0,72.0,608.0,-716.0,-78.0,-51.0,57.0,-636.0,-76.0,76.0,-133.0,193.0,63.0,73.0,-130.0
3,2015-43,2579,72.0,19.0,-99.0,-136.0,-49.0,34.0,23.0,-206.0,10.0,-19.0,-10.0,-210.0,-152.0,-4.0,-2.0,136.0,40.0,74.0,-198.0,109.0,280.0,-40.0,-7.0,35.0,130.0,121.0,-112.0,-24.0,167.0,323.0,23.0,-120.0,16.0,394.0,43.0,49.0,-22.0,77.0,76.0,-46.0,72.0,608.0,-716.0,-78.0,-51.0,57.0,-636.0,-76.0,76.0,-133.0,193.0,63.0,73.0
3,2015-44,2651,72.0,72.0,19.0,-99.0,-136.0,-49.0,34.0,23.0,-206.0,10.0,-19.0,-10.0,-210.0,-152.0,-4.0,-2.0,136.0,40.0,74.0,-198.0,109.0,280.0,-40.0,-7.0,35.0,130.0,121.0,-112.0,-24.0,167.0,323.0,23.0,-120.0,16.0,394.0,43.0,49.0,-22.0,77.0,76.0,-46.0,72.0,608.0,-716.0,-78.0,-51.0,57.0,-636.0,-76.0,76.0,-133.0,193.0,63.0
3,2015-45,2680,29.0,72.0,72.0,19.0,-99.0,-136.0,-49.0,34.0,23.0,-206.0,10.0,-19.0,-10.0,-210.0,-152.0,-4.0,-2.0,136.0,40.0,74.0,-198.0,109.0,280.0,-40.0,-7.0,35.0,130.0,121.0,-112.0,-24.0,167.0,323.0,23.0,-120.0,16.0,394.0,43.0,49.0,-22.0,77.0,76.0,-46.0,72.0,608.0,-716.0,-78.0,-51.0,57.0,-636.0,-76.0,76.0,-133.0,193.0
3,2015-46,2737,57.0,29.0,72.0,72.0,19.0,-99.0,-136.0,-49.0,34.0,23.0,-206.0,10.0,-19.0,-10.0,-210.0,-152.0,-4.0,-2.0,136.0,40.0,74.0,-198.0,109.0,280.0,-40.0,-7.0,35.0,130.0,121.0,-112.0,-24.0,167.0,323.0,23.0,-120.0,16.0,394.0,43.0,49.0,-22.0,77.0,76.0,-46.0,72.0,608.0,-716.0,-78.0,-51.0,57.0,-636.0,-76.0,76.0,-133.0
3,2015-47,2734,-3.0,57.0,29.0,72.0,72.0,19.0,-99.0,-136.0,-49.0,34.0,23.0,-206.0,10.0,-19.0,-10.0,-210.0,-152.0,-4.0,-2.0,136.0,40.0,74.0,-198.0,109.0,280.0,-40.0,-7.0,35.0,130.0,121.0,-112.0,-24.0,167.0,323.0,23.0,-120.0,16.0,394.0,43.0,49.0,-22.0,77.0,76.0,-46.0,72.0,608.0,-716.0,-78.0,-51.0,57.0,-636.0,-76.0,76.0
3,2015-48,2745,11.0,-3.0,57.0,29.0,72.0,72.0,19.0,-99.0,-136.0,-49.0,34.0,23.0,-206.0,10.0,-19.0,-10.0,-210.0,-152.0,-4.0,-2.0,136.0,40.0,74.0,-198.0,109.0,280.0,-40.0,-7.0,35.0,130.0,121.0,-112.0,-24.0,167.0,323.0,23.0,-120.0,16.0,394.0,43.0,49.0,-22.0,77.0,76.0,-46.0,72.0,608.0,-716.0,-78.0,-51.0,57.0,-636.0,-76.0
3,2015-49,2006,-739.0,11.0,-3.0,57.0,29.0,72.0,72.0,19.0,-99.0,-136.0,-49.0,34.0,23.0,-206.0,10.0,-19.0,-10.0,-210.0,-152.0,-4.0,-2.0,136.0,40.0,74.0,-198.0,109.0,280.0,-40.0,-7.0,35.0,130.0,121.0,-112.0,-24.0,167.0,323.0,23.0,-120.0,16.0,394.0,43.0,49.0,-22.0,77.0,76.0,-46.0,72.0,608.0,-716.0,-78.0,-51.0,57.0,-636.0
3,2015-50,1958,-48.0,-739.0,11.0,-3.0,57.0,29.0,72.0,72.0,19.0,-99.0,-136.0,-49.0,34.0,23.0,-206.0,10.0,-19.0,-10.0,-210.0,-152.0,-4.0,-2.0,136.0,40.0,74.0,-198.0,109.0,280.0,-40.0,-7.0,35.0,130.0,121.0,-112.0,-24.0,167.0,323.0,23.0,-120.0,16.0,394.0,43.0,49.0,-22.0,77.0,76.0,-46.0,72.0,608.0,-716.0,-78.0,-51.0,57.0
3,2015-51,1940,-18.0,-48.0,-739.0,11.0,-3.0,57.0,29.0,72.0,72.0,19.0,-99.0,-136.0,-49.0,34.0,23.0,-206.0,10.0,-19.0,-10.0,-210.0,-152.0,-4.0,-2.0,136.0,40.0,74.0,-198.0,109.0,280.0,-40.0,-7.0,35.0,130.0,121.0,-112.0,-24.0,167.0,323.0,23.0,-120.0,16.0,394.0,43.0,49.0,-22.0,77.0,76.0,-46.0,72.0,608.0,-716.0,-78.0,-51.0
3,2015-52,1953,13.0,-18.0,-48.0,-739.0,11.0,-3.0,57.0,29.0,72.0,72.0,19.0,-99.0,-136.0,-49.0,34.0,23.0,-206.0,10.0,-19.0,-10.0,-210.0,-152.0,-4.0,-2.0,136.0,40.0,74.0,-198.0,109.0,280.0,-40.0,-7.0,35.0,130.0,121.0,-112.0,-24.0,167.0,323.0,23.0,-120.0,16.0,394.0,43.0,49.0,-22.0,77.0,76.0,-46.0,72.0,608.0,-716.0,-78.0
3,2015-53,1045,-908.0,13.0,-18.0,-48.0,-739.0,11.0,-3.0,57.0,29.0,72.0,72.0,19.0,-99.0,-136.0,-49.0,34.0,23.0,-206.0,10.0,-19.0,-10.0,-210.0,-152.0,-4.0,-2.0,136.0,40.0,74.0,-198.0,109.0,280.0,-40.0,-7.0,35.0,130.0,121.0,-112.0,-24.0,167.0,323.0,23.0,-120.0,16.0,394.0,43.0,49.0,-22.0,77.0,76.0,-46.0,72.0,608.0,-716.0
3,2016-01,1937,892.0,-908.0,13.0,-18.0,-48.0,-739.0,11.0,-3.0,57.0,29.0,72.0,72.0,19.0,-99.0,-136.0,-49.0,34.0,23.0,-206.0,10.0,-19.0,-10.0,-210.0,-152.0,-4.0,-2.0,136.0,40.0,74.0,-198.0,109.0,280.0,-40.0,-7.0,35.0,130.0,121.0,-112.0,-24.0,167.0,323.0,23.0,-120.0,16.0,394.0,43.0,49.0,-22.0,77.0,76.0,-46.0,72.0,608.0
3,2016-02,1866,-71.0,892.0,-908.0,13.0,-18.0,-48.0,-739.0,11.0,-3.0,57.0,29.0,72.0,72.0,19.0,-99.0,-136.0,-49.0,34.0,23.0,-206.0,10.0,-19.0,-10.0,-210.0,-152.0,-4.0,-2.0,136.0,40.0,74.0,-198.0,109.0,280.0,-40.0,-7.0,35.0,130.0,121.0,-112.0,-24.0,167.0,323.0,23.0,-120.0,16.0,394.0,43.0,49.0,-22.0,77.0,76.0,-46.0,72.0
3,2016-03,1823,-43.0,-71.0,892.0,-908.0,13.0,-18.0,-48.0,-739.0,11.0,-3.0,57.0,29.0,72.0,72.0,19.0,-99.0,-136.0,-49.0,34.0,23.0,-206.0,10.0,-19.0,-10.0,-210.0,-152.0,-4.0,-2.0,136.0,40.0,74.0,-198.0,109.0,280.0,-40.0,-7.0,35.0,130.0,121.0,-112.0,-24.0,167.0,323.0,23.0,-120.0,16.0,394.0,43.0,49.0,-22.0,77.0,76.0,-46.0
3,2016-04,1982,159.0,-43.0,-71.0,892.0,-908.0,13.0,-18.0,-48.0,-739.0,11.0,-3.0,57.0,29.0,72.0,72.0,19.0,-99.0,-136.0,-49.0,34.0,23.0,-206.0,10.0,-19.0,-10.0,-210.0,-152.0,-4.0,-2.0,136.0,40.0,74.0,-198.0,109.0,280.0,-40.0,-7.0,35.0,130.0,121.0,-112.0,-24.0,167.0,323.0,23.0,-120.0,16.0,394.0,43.0,49.0,-22.0,77.0,76.0
3,2016-05,2055,73.0,159.0,-43.0,-71.0,892.0,-908.0,13.0,-18.0,-48.0,-739.0,11.0,-3.0,57.0,29.0,72.0,72.0,19.0,-99.0,-136.0,-49.0,34.0,23.0,-206.0,10.0,-19.0,-10.0,-210.0,-152.0,-4.0,-2.0,136.0,40.0,74.0,-198.0,109.0,280.0,-40.0,-7.0,35.0,130.0,121.0,-112.0,-24.0,167.0,323.0,23.0,-120.0,16.0,394.0,43.0,49.0,-22.0,77.0
3,2016-06,2080,25.0,73.0,159.0,-43.0,-71.0,892.0,-908.0,13.0,-18.0,-48.0,-739.0,11.0,-3.0,57.0,29.0,72.0,72.0,19.0,-99.0,-136.0,-49.0,34.0,23.0,-206.0,10.0,-19.0,-10.0,-210.0,-152.0,-4.0,-2.0,136.0,40.0,74.0,-198.0,109.0,280.0,-40.0,-7.0,35.0,130.0,121.0,-112.0,-24.0,167.0,323.0,23.0,-120.0,16.0,394.0,43.0,49.0,-22.0
3,2016-07,2079,-1.0,25.0,73.0,159.0,-43.0,-71.0,892.0,-908.0,13.0,-18.0,-48.0,-739.0,11.0,-3.0,57.0,29.0,72.0,72.0,19.0,-99.0,-136.0,-49.0,34.0,23.0,-206.0,10.0,-19.0,-10.0,-210.0,-152.0,-4.0,-2.0,136.0,40.0,74.0,-198.0,109.0,280.0,-40.0,-7.0,35.0,130.0,121.0,-112.0,-24.0,167.0,323.0,23.0,-120.0,16.0,394.0,43.0,49.0
3,2016-08,2066,-13.0,-1.0,25.0,73.0,159.0,-43.0,-71.0,892.0,-908.0,13.0,-18.0,-48.0,-739.0,11.0,-3.0,57.0,29.0,72.0,72.0,19.0,-99.0,-136.0,-49.0,34.0,23.0,-206.0,10.0,-19.0,-10.0,-210.0,-152.0,-4.0,-2.0,136.0,40.0,74.0,-198.0,109.0,280.0,-40.0,-7.0,35.0,130.0,121.0,-112.0,-24.0,167.0,323.0,23.0,-120.0,16.0,394.0,43.0
3,2016-09,2488,422.0,-13.0,-1.0,25.0,73.0,159.0,-43.0,-71.0,892.0,-908.0,13.0,-18.0,-48.0,-739.0,11.0,-3.0,57.0,29.0,72.0,72.0,19.0,-99.0,-136.0,-49.0,34.0,23.0,-206.0,10.0,-19.0,-10.0,-210.0,-152.0,-4.0,-2.0,136.0,40.0,74.0,-198.0,109.0,280.0,-40.0,-7.0,35.0,130.0,121.0,-112.0,-24.0,167.0,323.0,23.0,-120.0,16.0,394.0
3,2016-10,2513,25.0,422.0,-13.0,-1.0,25.0,73.0,159.0,-43.0,-71.0,892.0,-908.0,13.0,-18.0,-48.0,-739.0,11.0,-3.0,57.0,29.0,72.0,72.0,19.0,-99.0,-136.0,-49.0,34.0,23.0,-206.0,10.0,-19.0,-10.0,-210.0,-152.0,-4.0,-2.0,136.0,40.0,74.0,-198.0,109.0,280.0,-40.0,-7.0,35.0,130.0,121.0,-112.0,-24.0,167.0,323.0,23.0,-120.0,16.0
3,2016-11,2514,1.0,25.0,422.0,-13.0,-1.0,25.0,73.0,159.0,-43.0,-71.0,892.0,-908.0,13.0,-18.0,-48.0,-739.0,11.0,-3.0,57.0,29.0,72.0,72.0,19.0,-99.0,-136.0,-49.0,34.0,23.0,-206.0,10.0,-19.0,-10.0,-210.0,-152.0,-4.0,-2.0,136.0,40.0,74.0,-198.0,109.0,280.0,-40.0,-7.0,35.0,130.0,121.0,-112.0,-24.0,167.0,323.0,23.0,-120.0
3,2016-12,2523,9.0,1.0,25.0,422.0,-13.0,-1.0,25.0,73.0,159.0,-43.0,-71.0,892.0,-908.0,13.0,-18.0,-48.0,-739.0,11.0,-3.0,57.0,29.0,72.0,72.0,19.0,-99.0,-136.0,-49.0,34.0,23.0,-206.0,10.0,-19.0,-10.0,-210.0,-152.0,-4.0,-2.0,136.0,40.0,74.0,-198.0,109.0,280.0,-40.0,-7.0,35.0,130.0,121.0,-112.0,-24.0,167.0,323.0,23.0
3,2016-13,2617,94.0,9.0,1.0,25.0,422.0,-13.0,-1.0,25.0,73.0,159.0,-43.0,-71.0,892.0,-908.0,13.0,-18.0,-48.0,-739.0,11.0,-3.0,57.0,29.0,72.0,72.0,19.0,-99.0,-136.0,-49.0,34.0,23.0,-206.0,10.0,-19.0,-10.0,-210.0,-152.0,-4.0,-2.0,136.0,40.0,74.0,-198.0,109.0,280.0,-40.0,-7.0,35.0,130.0,121.0,-112.0,-24.0,167.0,323.0
3,2016-14,3048,431.0,94.0,9.0,1.0,25.0,422.0,-13.0,-1.0,25.0,73.0,159.0,-43.0,-71.0,892.0,-908.0,13.0,-18.0,-48.0,-739.0,11.0,-3.0,57.0,29.0,72.0,72.0,19.0,-99.0,-136.0,-49.0,34.0,23.0,-206.0,10.0,-19.0,-10.0,-210.0,-152.0,-4.0,-2.0,136.0,40.0,74.0,-198.0,109.0,280.0,-40.0,-7.0,35.0,130.0,121.0,-112.0,-24.0,167.0
3,2016-15,2945,-103.0,431.0,94.0,9.0,1.0,25.0,422.0,-13.0,-1.0,25.0,73.0,159.0,-43.0,-71.0,892.0,-908.0,13.0,-18.0,-48.0,-739.0,11.0,-3.0,57.0,29.0,72.0,72.0,19.0,-99.0,-136.0,-49.0,34.0,23.0,-206.0,10.0,-19.0,-10.0,-210.0,-152.0,-4.0,-2.0,136.0,40.0,74.0,-198.0,109.0,280.0,-40.0,-7.0,35.0,130.0,121.0,-112.0,-24.0
3,2016-16,2828,-117.0,-103.0,431.0,94.0,9.0,1.0,25.0,422.0,-13.0,-1.0,25.0,73.0,159.0,-43.0,-71.0,892.0,-908.0,13.0,-18.0,-48.0,-739.0,11.0,-3.0,57.0,29.0,72.0,72.0,19.0,-99.0,-136.0,-49.0,34.0,23.0,-206.0,10.0,-19.0,-10.0,-210.0,-152.0,-4.0,-2.0,136.0,40.0,74.0,-198.0,109.0,280.0,-40.0,-7.0,35.0,130.0,121.0,-112.0
3,2016-17,3027,199.0,-117.0,-103.0,431.0,94.0,9.0,1.0,25.0,422.0,-13.0,-1.0,25.0,73.0,159.0,-43.0,-71.0,892.0,-908.0,13.0,-18.0,-48.0,-739.0,11.0,-3.0,57.0,29.0,72.0,72.0,19.0,-99.0,-136.0,-49.0,34.0,23.0,-206.0,10.0,-19.0,-10.0,-210.0,-152.0,-4.0,-2.0,136.0,40.0,74.0,-198.0,109.0,280.0,-40.0,-7.0,35.0,130.0,121.0
3,2016-18,3181,154.0,199.0,-117.0,-103.0,431.0,94.0,9.0,1.0,25.0,422.0,-13.0,-1.0,25.0,73.0,159.0,-43.0,-71.0,892.0,-908.0,13.0,-18.0,-48.0,-739.0,11.0,-3.0,57.0,29.0,72.0,72.0,19.0,-99.0,-136.0,-49.0,34.0,23.0,-206.0,10.0,-19.0,-10.0,-210.0,-152.0,-4.0,-2.0,136.0,40.0,74.0,-198.0,109.0,280.0,-40.0,-7.0,35.0,130.0
3,2016-19,3097,-84.0,154.0,199.0,-117.0,-103.0,431.0,94.0,9.0,1.0,25.0,422.0,-13.0,-1.0,25.0,73.0,159.0,-43.0,-71.0,892.0,-908.0,13.0,-18.0,-48.0,-739.0,11.0,-3.0,57.0,29.0,72.0,72.0,19.0,-99.0,-136.0,-49.0,34.0,23.0,-206.0,10.0,-19.0,-10.0,-210.0,-152.0,-4.0,-2.0,136.0,40.0,74.0,-198.0,109.0,280.0,-40.0,-7.0,35.0
3,2016-20,3028,-69.0,-84.0,154.0,199.0,-117.0,-103.0,431.0,94.0,9.0,1.0,25.0,422.0,-13.0,-1.0,25.0,73.0,159.0,-43.0,-71.0,892.0,-908.0,13.0,-18.0,-48.0,-739.0,11.0,-3.0,57.0,29.0,72.0,72.0,19.0,-99.0,-136.0,-49.0,34.0,23.0,-206.0,10.0,-19.0,-10.0,-210.0,-152.0,-4.0,-2.0,136.0,40.0,74.0,-198.0,109.0,280.0,-40.0,-7.0
3,2016-21,3145,117.0,-69.0,-84.0,154.0,199.0,-117.0,-103.0,431.0,94.0,9.0,1.0,25.0,422.0,-13.0,-1.0,25.0,73.0,159.0,-43.0,-71.0,892.0,-908.0,13.0,-18.0,-48.0,-739.0,11.0,-3.0,57.0,29.0,72.0,72.0,19.0,-99.0,-136.0,-49.0,34.0,23.0,-206.0,10.0,-19.0,-10.0,-210.0,-152.0,-4.0,-2.0,136.0,40.0,74.0,-198.0,109.0,280.0,-40.0
3,2016-22,3311,166.0,117.0,-69.0,-84.0,154.0,199.0,-117.0,-103.0,431.0,94.0,9.0,1.0,25.0,422.0,-13.0,-1.0,25.0,73.0,159.0,-43.0,-71.0,892.0,-908.0,13.0,-18.0,-48.0,-739.0,11.0,-3.0,57.0,29.0,72.0,72.0,19.0,-99.0,-136.0,-49.0,34.0,23.0,-206.0,10.0,-19.0,-10.0,-210.0,-152.0,-4.0,-2.0,136.0,40.0,74.0,-198.0,109.0,280.0
3,2016-23,3418,107.0,166.0,117.0,-69.0,-84.0,154.0,199.0,-117.0,-103.0,431.0,94.0,9.0,1.0,25.0,422.0,-13.0,-1.0,25.0,73.0,159.0,-43.0,-71.0,892.0,-908.0,13.0,-18.0,-48.0,-739.0,11.0,-3.0,57.0,29.0,72.0,72.0,19.0,-99.0,-136.0,-49.0,34.0,23.0,-206.0,10.0,-19.0,-10.0,-210.0,-152.0,-4.0,-2.0,136.0,40.0,74.0,-198.0,109.0
3,2016-24,3322,-96.0,107.0,166.0,117.0,-69.0,-84.0,154.0,199.0,-117.0,-103.0,431.0,94.0,9.0,1.0,25.0,422.0,-13.0,-1.0,25.0,73.0,159.0,-43.0,-71.0,892.0,-908.0,13.0,-18.0,-48.0,-739.0,11.0,-3.0,57.0,29.0,72.0,72.0,19.0,-99.0,-136.0,-49.0,34.0,23.0,-206.0,10.0,-19.0,-10.0,-210.0,-152.0,-4.0,-2.0,136.0,40.0,74.0,-198.0
3,2016-25,3313,-9.0,-96.0,107.0,166.0,117.0,-69.0,-84.0,154.0,199.0,-117.0,-103.0,431.0,94.0,9.0,1.0,25.0,422.0,-13.0,-1.0,25.0,73.0,159.0,-43.0,-71.0,892.0,-908.0,13.0,-18.0,-48.0,-739.0,11.0,-3.0,57.0,29.0,72.0,72.0,19.0,-99.0,-136.0,-49.0,34.0,23.0,-206.0,10.0,-19.0,-10.0,-210.0,-152.0,-4.0,-2.0,136.0,40.0,74.0
3,2016-26,3404,91.0,-9.0,-96.0,107.0,166.0,117.0,-69.0,-84.0,154.0,199.0,-117.0,-103.0,431.0,94.0,9.0,1.0,25.0,422.0,-13.0,-1.0,25.0,73.0,159.0,-43.0,-71.0,892.0,-908.0,13.0,-18.0,-48.0,-739.0,11.0,-3.0,57.0,29.0,72.0,72.0,19.0,-99.0,-136.0,-49.0,34.0,23.0,-206.0,10.0,-19.0,-10.0,-210.0,-152.0,-4.0,-2.0,136.0,40.0
3,2016-27,3539,135.0,91.0,-9.0,-96.0,107.0,166.0,117.0,-69.0,-84.0,154.0,199.0,-117.0,-103.0,431.0,94.0,9.0,1.0,25.0,422.0,-13.0,-1.0,25.0,73.0,159.0,-43.0,-71.0,892.0,-908.0,13.0,-18.0,-48.0,-739.0,11.0,-3.0,57.0,29.0,72.0,72.0,19.0,-99.0,-136.0,-49.0,34.0,23.0,-206.0,10.0,-19.0,-10.0,-210.0,-152.0,-4.0,-2.0,136.0
3,2016-28,3529,-10.0,135.0,91.0,-9.0,-96.0,107.0,166.0,117.0,-69.0,-84.0,154.0,199.0,-117.0,-103.0,431.0,94.0,9.0,1.0,25.0,422.0,-13.0,-1.0,25.0,73.0,159.0,-43.0,-71.0,892.0,-908.0,13.0,-18.0,-48.0,-739.0,11.0,-3.0,57.0,29.0,72.0,72.0,19.0,-99.0,-136.0,-49.0,34.0,23.0,-206.0,10.0,-19.0,-10.0,-210.0,-152.0,-4.0,-2.0
3,2016-29,3627,98.0,-10.0,135.0,91.0,-9.0,-96.0,107.0,166.0,117.0,-69.0,-84.0,154.0,199.0,-117.0,-103.0,431.0,94.0,9.0,1.0,25.0,422.0,-13.0,-1.0,25.0,73.0,159.0,-43.0,-71.0,892.0,-908.0,13.0,-18.0,-48.0,-739.0,11.0,-3.0,57.0,29.0,72.0,72.0,19.0,-99.0,-136.0,-49.0,34.0,23.0,-206.0,10.0,-19.0,-10.0,-210.0,-152.0,-4.0
3,2016-30,3516,-111.0,98.0,-10.0,135.0,91.0,-9.0,-96.0,107.0,166.0,117.0,-69.0,-84.0,154.0,199.0,-117.0,-103.0,431.0,94.0,9.0,1.0,25.0,422.0,-13.0,-1.0,25.0,73.0,159.0,-43.0,-71.0,892.0,-908.0,13.0,-18.0,-48.0,-739.0,11.0,-3.0,57.0,29.0,72.0,72.0,19.0,-99.0,-136.0,-49.0,34.0,23.0,-206.0,10.0,-19.0,-10.0,-210.0,-152.0
3,2016-31,3049,-467.0,-111.0,98.0,-10.0,135.0,91.0,-9.0,-96.0,107.0,166.0,117.0,-69.0,-84.0,154.0,199.0,-117.0,-103.0,431.0,94.0,9.0,1.0,25.0,422.0,-13.0,-1.0,25.0,73.0,159.0,-43.0,-71.0,892.0,-908.0,13.0,-18.0,-48.0,-739.0,11.0,-3.0,57.0,29.0,72.0,72.0,19.0,-99.0,-136.0,-49.0,34.0,23.0,-206.0,10.0,-19.0,-10.0,-210.0
3,2016-32,3185,136.0,-467.0,-111.0,98.0,-10.0,135.0,91.0,-9.0,-96.0,107.0,166.0,117.0,-69.0,-84.0,154.0,199.0,-117.0,-103.0,431.0,94.0,9.0,1.0,25.0,422.0,-13.0,-1.0,25.0,73.0,159.0,-43.0,-71.0,892.0,-908.0,13.0,-18.0,-48.0,-739.0,11.0,-3.0,57.0,29.0,72.0,72.0,19.0,-99.0,-136.0,-49.0,34.0,23.0,-206.0,10.0,-19.0,-10.0
3,2016-33,3105,-80.0,136.0,-467.0,-111.0,98.0,-10.0,135.0,91.0,-9.0,-96.0,107.0,166.0,117.0,-69.0,-84.0,154.0,199.0,-117.0,-103.0,431.0,94.0,9.0,1.0,25.0,422.0,-13.0,-1.0,25.0,73.0,159.0,-43.0,-71.0,892.0,-908.0,13.0,-18.0,-48.0,-739.0,11.0,-3.0,57.0,29.0,72.0,72.0,19.0,-99.0,-136.0,-49.0,34.0,23.0,-206.0,10.0,-19.0
3,2016-34,3168,63.0,-80.0,136.0,-467.0,-111.0,98.0,-10.0,135.0,91.0,-9.0,-96.0,107.0,166.0,117.0,-69.0,-84.0,154.0,199.0,-117.0,-103.0,431.0,94.0,9.0,1.0,25.0,422.0,-13.0,-1.0,25.0,73.0,159.0,-43.0,-71.0,892.0,-908.0,13.0,-18.0,-48.0,-739.0,11.0,-3.0,57.0,29.0,72.0,72.0,19.0,-99.0,-136.0,-49.0,34.0,23.0,-206.0,10.0
3,2016-35,2926,-242.0,63.0,-80.0,136.0,-467.0,-111.0,98.0,-10.0,135.0,91.0,-9.0,-96.0,107.0,166.0,117.0,-69.0,-84.0,154.0,199.0,-117.0,-103.0,431.0,94.0,9.0,1.0,25.0,422.0,-13.0,-1.0,25.0,73.0,159.0,-43.0,-71.0,892.0,-908.0,13.0,-18.0,-48.0,-739.0,11.0,-3.0,57.0,29.0,72.0,72.0,19.0,-99.0,-136.0,-49.0,34.0,23.0,-206.0
3,2016-36,2879,-47.0,-242.0,63.0,-80.0,136.0,-467.0,-111.0,98.0,-10.0,135.0,91.0,-9.0,-96.0,107.0,166.0,117.0,-69.0,-84.0,154.0,199.0,-117.0,-103.0,431.0,94.0,9.0,1.0,25.0,422.0,-13.0,-1.0,25.0,73.0,159.0,-43.0,-71.0,892.0,-908.0,13.0,-18.0,-48.0,-739.0,11.0,-3.0,57.0,29.0,72.0,72.0,19.0,-99.0,-136.0,-49.0,34.0,23.0
3,2016-37,2994,115.0,-47.0,-242.0,63.0,-80.0,136.0,-467.0,-111.0,98.0,-10.0,135.0,91.0,-9.0,-96.0,107.0,166.0,117.0,-69.0,-84.0,154.0,199.0,-117.0,-103.0,431.0,94.0,9.0,1.0,25.0,422.0,-13.0,-1.0,25.0,73.0,159.0,-43.0,-71.0,892.0,-908.0,13.0,-18.0,-48.0,-739.0,11.0,-3.0,57.0,29.0,72.0,72.0,19.0,-99.0,-136.0,-49.0,34.0
3,2016-38,2856,-138.0,115.0,-47.0,-242.0,63.0,-80.0,136.0,-467.0,-111.0,98.0,-10.0,135.0,91.0,-9.0,-96.0,107.0,166.0,117.0,-69.0,-84.0,154.0,199.0,-117.0,-103.0,431.0,94.0,9.0,1.0,25.0,422.0,-13.0,-1.0,25.0,73.0,159.0,-43.0,-71.0,892.0,-908.0,13.0,-18.0,-48.0,-739.0,11.0,-3.0,57.0,29.0,72.0,72.0,19.0,-99.0,-136.0,-49.0
3,2016-39,2911,55.0,-138.0,115.0,-47.0,-242.0,63.0,-80.0,136.0,-467.0,-111.0,98.0,-10.0,135.0,91.0,-9.0,-96.0,107.0,166.0,117.0,-69.0,-84.0,154.0,199.0,-117.0,-103.0,431.0,94.0,9.0,1.0,25.0,422.0,-13.0,-1.0,25.0,73.0,159.0,-43.0,-71.0,892.0,-908.0,13.0,-18.0,-48.0,-739.0,11.0,-3.0,57.0,29.0,72.0,72.0,19.0,-99.0,-136.0
3,2016-40,2676,-235.0,55.0,-138.0,115.0,-47.0,-242.0,63.0,-80.0,136.0,-467.0,-111.0,98.0,-10.0,135.0,91.0,-9.0,-96.0,107.0,166.0,117.0,-69.0,-84.0,154.0,199.0,-117.0,-103.0,431.0,94.0,9.0,1.0,25.0,422.0,-13.0,-1.0,25.0,73.0,159.0,-43.0,-71.0,892.0,-908.0,13.0,-18.0,-48.0,-739.0,11.0,-3.0,57.0,29.0,72.0,72.0,19.0,-99.0
3,2016-41,2744,68.0,-235.0,55.0,-138.0,115.0,-47.0,-242.0,63.0,-80.0,136.0,-467.0,-111.0,98.0,-10.0,135.0,91.0,-9.0,-96.0,107.0,166.0,117.0,-69.0,-84.0,154.0,199.0,-117.0,-103.0,431.0,94.0,9.0,1.0,25.0,422.0,-13.0,-1.0,25.0,73.0,159.0,-43.0,-71.0,892.0,-908.0,13.0,-18.0,-48.0,-739.0,11.0,-3.0,57.0,29.0,72.0,72.0,19.0
3,2016-42,2663,-81.0,68.0,-235.0,55.0,-138.0,115.0,-47.0,-242.0,63.0,-80.0,136.0,-467.0,-111.0,98.0,-10.0,135.0,91.0,-9.0,-96.0,107.0,166.0,117.0,-69.0,-84.0,154.0,199.0,-117.0,-103.0,431.0,94.0,9.0,1.0,25.0,422.0,-13.0,-1.0,25.0,73.0,159.0,-43.0,-71.0,892.0,-908.0,13.0,-18.0,-48.0,-739.0,11.0,-3.0,57.0,29.0,72.0,72.0
3,2016-43,2750,87.0,-81.0,68.0,-235.0,55.0,-138.0,115.0,-47.0,-242.0,63.0,-80.0,136.0,-467.0,-111.0,98.0,-10.0,135.0,91.0,-9.0,-96.0,107.0,166.0,117.0,-69.0,-84.0,154.0,199.0,-117.0,-103.0,431.0,94.0,9.0,1.0,25.0,422.0,-13.0,-1.0,25.0,73.0,159.0,-43.0,-71.0,892.0,-908.0,13.0,-18.0,-48.0,-739.0,11.0,-3.0,57.0,29.0,72.0
3,2016-44,2947,197.0,87.0,-81.0,68.0,-235.0,55.0,-138.0,115.0,-47.0,-242.0,63.0,-80.0,136.0,-467.0,-111.0,98.0,-10.0,135.0,91.0,-9.0,-96.0,107.0,166.0,117.0,-69.0,-84.0,154.0,199.0,-117.0,-103.0,431.0,94.0,9.0,1.0,25.0,422.0,-13.0,-1.0,25.0,73.0,159.0,-43.0,-71.0,892.0,-908.0,13.0,-18.0,-48.0,-739.0,11.0,-3.0,57.0,29.0
3,2016-45,2852,-95.0,197.0,87.0,-81.0,68.0,-235.0,55.0,-138.0,115.0,-47.0,-242.0,63.0,-80.0,136.0,-467.0,-111.0,98.0,-10.0,135.0,91.0,-9.0,-96.0,107.0,166.0,117.0,-69.0,-84.0,154.0,199.0,-117.0,-103.0,431.0,94.0,9.0,1.0,25.0,422.0,-13.0,-1.0,25.0,73.0,159.0,-43.0,-71.0,892.0,-908.0,13.0,-18.0,-48.0,-739.0,11.0,-3.0,57.0
3,2016-46,2970,118.0,-95.0,197.0,87.0,-81.0,68.0,-235.0,55.0,-138.0,115.0,-47.0,-242.0,63.0,-80.0,136.0,-467.0,-111.0,98.0,-10.0,135.0,91.0,-9.0,-96.0,107.0,166.0,117.0,-69.0,-84.0,154.0,199.0,-117.0,-103.0,431.0,94.0,9.0,1.0,25.0,422.0,-13.0,-1.0,25.0,73.0,159.0,-43.0,-71.0,892.0,-908.0,13.0,-18.0,-48.0,-739.0,11.0,-3.0
3,2016-47,2945,-25.0,118.0,-95.0,197.0,87.0,-81.0,68.0,-235.0,55.0,-138.0,115.0,-47.0,-242.0,63.0,-80.0,136.0,-467.0,-111.0,98.0,-10.0,135.0,91.0,-9.0,-96.0,107.0,166.0,117.0,-69.0,-84.0,154.0,199.0,-117.0,-103.0,431.0,94.0,9.0,1.0,25.0,422.0,-13.0,-1.0,25.0,73.0,159.0,-43.0,-71.0,892.0,-908.0,13.0,-18.0,-48.0,-739.0,11.0
3,2016-48,2427,-518.0,-25.0,118.0,-95.0,197.0,87.0,-81.0,68.0,-235.0,55.0,-138.0,115.0,-47.0,-242.0,63.0,-80.0,136.0,-467.0,-111.0,98.0,-10.0,135.0,91.0,-9.0,-96.0,107.0,166.0,117.0,-69.0,-84.0,154.0,199.0,-117.0,-103.0,431.0,94.0,9.0,1.0,25.0,422.0,-13.0,-1.0,25.0,73.0,159.0,-43.0,-71.0,892.0,-908.0,13.0,-18.0,-48.0,-739.0
3,2016-49,2118,-309.0,-518.0,-25.0,118.0,-95.0,197.0,87.0,-81.0,68.0,-235.0,55.0,-138.0,115.0,-47.0,-242.0,63.0,-80.0,136.0,-467.0,-111.0,98.0,-10.0,135.0,91.0,-9.0,-96.0,107.0,166.0,117.0,-69.0,-84.0,154.0,199.0,-117.0,-103.0,431.0,94.0,9.0,1.0,25.0,422.0,-13.0,-1.0,25.0,73.0,159.0,-43.0,-71.0,892.0,-908.0,13.0,-18.0,-48.0
3,2016-50,2043,-75.0,-309.0,-518.0,-25.0,118.0,-95.0,197.0,87.0,-81.0,68.0,-235.0,55.0,-138.0,115.0,-47.0,-242.0,63.0,-80.0,136.0,-467.0,-111.0,98.0,-10.0,135.0,91.0,-9.0,-96.0,107.0,166.0,117.0,-69.0,-84.0,154.0,199.0,-117.0,-103.0,431.0,94.0,9.0,1.0,25.0,422.0,-13.0,-1.0,25.0,73.0,159.0,-43.0,-71.0,892.0,-908.0,13.0,-18.0
3,2016-51,2059,16.0,-75.0,-309.0,-518.0,-25.0,118.0,-95.0,197.0,87.0,-81.0,68.0,-235.0,55.0,-138.0,115.0,-47.0,-242.0,63.0,-80.0,136.0,-467.0,-111.0,98.0,-10.0,135.0,91.0,-9.0,-96.0,107.0,166.0,117.0,-69.0,-84.0,154.0,199.0,-117.0,-103.0,431.0,94.0,9.0,1.0,25.0,422.0,-13.0,-1.0,25.0,73.0,159.0,-43.0,-71.0,892.0,-908.0,13.0
3,2016-52,1784,-275.0,16.0,-75.0,-309.0,-518.0,-25.0,118.0,-95.0,197.0,87.0,-81.0,68.0,-235.0,55.0,-138.0,115.0,-47.0,-242.0,63.0,-80.0,136.0,-467.0,-111.0,98.0,-10.0,135.0,91.0,-9.0,-96.0,107.0,166.0,117.0,-69.0,-84.0,154.0,199.0,-117.0,-103.0,431.0,94.0,9.0,1.0,25.0,422.0,-13.0,-1.0,25.0,73.0,159.0,-43.0,-71.0,892.0,-908.0
3,2016-53,919,-865.0,-275.0,16.0,-75.0,-309.0,-518.0,-25.0,118.0,-95.0,197.0,87.0,-81.0,68.0,-235.0,55.0,-138.0,115.0,-47.0,-242.0,63.0,-80.0,136.0,-467.0,-111.0,98.0,-10.0,135.0,91.0,-9.0,-96.0,107.0,166.0,117.0,-69.0,-84.0,154.0,199.0,-117.0,-103.0,431.0,94.0,9.0,1.0,25.0,422.0,-13.0,-1.0,25.0,73.0,159.0,-43.0,-71.0,892.0
3,2017-01,1904,985.0,-865.0,-275.0,16.0,-75.0,-309.0,-518.0,-25.0,118.0,-95.0,197.0,87.0,-81.0,68.0,-235.0,55.0,-138.0,115.0,-47.0,-242.0,63.0,-80.0,136.0,-467.0,-111.0,98.0,-10.0,135.0,91.0,-9.0,-96.0,107.0,166.0,117.0,-69.0,-84.0,154.0,199.0,-117.0,-103.0,431.0,94.0,9.0,1.0,25.0,422.0,-13.0,-1.0,25.0,73.0,159.0,-43.0,-71.0
3,2017-02,1973,69.0,985.0,-865.0,-275.0,16.0,-75.0,-309.0,-518.0,-25.0,118.0,-95.0,197.0,87.0,-81.0,68.0,-235.0,55.0,-138.0,115.0,-47.0,-242.0,63.0,-80.0,136.0,-467.0,-111.0,98.0,-10.0,135.0,91.0,-9.0,-96.0,107.0,166.0,117.0,-69.0,-84.0,154.0,199.0,-117.0,-103.0,431.0,94.0,9.0,1.0,25.0,422.0,-13.0,-1.0,25.0,73.0,159.0,-43.0
3,2017-03,1952,-21.0,69.0,985.0,-865.0,-275.0,16.0,-75.0,-309.0,-518.0,-25.0,118.0,-95.0,197.0,87.0,-81.0,68.0,-235.0,55.0,-138.0,115.0,-47.0,-242.0,63.0,-80.0,136.0,-467.0,-111.0,98.0,-10.0,135.0,91.0,-9.0,-96.0,107.0,166.0,117.0,-69.0,-84.0,154.0,199.0,-117.0,-103.0,431.0,94.0,9.0,1.0,25.0,422.0,-13.0,-1.0,25.0,73.0,159.0
3,2017-04,1979,27.0,-21.0,69.0,985.0,-865.0,-275.0,16.0,-75.0,-309.0,-518.0,-25.0,118.0,-95.0,197.0,87.0,-81.0,68.0,-235.0,55.0,-138.0,115.0,-47.0,-242.0,63.0,-80.0,136.0,-467.0,-111.0,98.0,-10.0,135.0,91.0,-9.0,-96.0,107.0,166.0,117.0,-69.0,-84.0,154.0,199.0,-117.0,-103.0,431.0,94.0,9.0,1.0,25.0,422.0,-13.0,-1.0,25.0,73.0
3,2017-05,2125,146.0,27.0,-21.0,69.0,985.0,-865.0,-275.0,16.0,-75.0,-309.0,-518.0,-25.0,118.0,-95.0,197.0,87.0,-81.0,68.0,-235.0,55.0,-138.0,115.0,-47.0,-242.0,63.0,-80.0,136.0,-467.0,-111.0,98.0,-10.0,135.0,91.0,-9.0,-96.0,107.0,166.0,117.0,-69.0,-84.0,154.0,199.0,-117.0,-103.0,431.0,94.0,9.0,1.0,25.0,422.0,-13.0,-1.0,25.0
3,2017-06,2166,41.0,146.0,27.0,-21.0,69.0,985.0,-865.0,-275.0,16.0,-75.0,-309.0,-518.0,-25.0,118.0,-95.0,197.0,87.0,-81.0,68.0,-235.0,55.0,-138.0,115.0,-47.0,-242.0,63.0,-80.0,136.0,-467.0,-111.0,98.0,-10.0,135.0,91.0,-9.0,-96.0,107.0,166.0,117.0,-69.0,-84.0,154.0,199.0,-117.0,-103.0,431.0,94.0,9.0,1.0,25.0,422.0,-13.0,-1.0
3,2017-07,2236,70.0,41.0,146.0,27.0,-21.0,69.0,985.0,-865.0,-275.0,16.0,-75.0,-309.0,-518.0,-25.0,118.0,-95.0,197.0,87.0,-81.0,68.0,-235.0,55.0,-138.0,115.0,-47.0,-242.0,63.0,-80.0,136.0,-467.0,-111.0,98.0,-10.0,135.0,91.0,-9.0,-96.0,107.0,166.0,117.0,-69.0,-84.0,154.0,199.0,-117.0,-103.0,431.0,94.0,9.0,1.0,25.0,422.0,-13.0
3,2017-08,2113,-123.0,70.0,41.0,146.0,27.0,-21.0,69.0,985.0,-865.0,-275.0,16.0,-75.0,-309.0,-518.0,-25.0,118.0,-95.0,197.0,87.0,-81.0,68.0,-235.0,55.0,-138.0,115.0,-47.0,-242.0,63.0,-80.0,136.0,-467.0,-111.0,98.0,-10.0,135.0,91.0,-9.0,-96.0,107.0,166.0,117.0,-69.0,-84.0,154.0,199.0,-117.0,-103.0,431.0,94.0,9.0,1.0,25.0,422.0
3,2017-09,2551,438.0,-123.0,70.0,41.0,146.0,27.0,-21.0,69.0,985.0,-865.0,-275.0,16.0,-75.0,-309.0,-518.0,-25.0,118.0,-95.0,197.0,87.0,-81.0,68.0,-235.0,55.0,-138.0,115.0,-47.0,-242.0,63.0,-80.0,136.0,-467.0,-111.0,98.0,-10.0,135.0,91.0,-9.0,-96.0,107.0,166.0,117.0,-69.0,-84.0,154.0,199.0,-117.0,-103.0,431.0,94.0,9.0,1.0,25.0
3,2017-10,2546,-5.0,438.0,-123.0,70.0,41.0,146.0,27.0,-21.0,69.0,985.0,-865.0,-275.0,16.0,-75.0,-309.0,-518.0,-25.0,118.0,-95.0,197.0,87.0,-81.0,68.0,-235.0,55.0,-138.0,115.0,-47.0,-242.0,63.0,-80.0,136.0,-467.0,-111.0,98.0,-10.0,135.0,91.0,-9.0,-96.0,107.0,166.0,117.0,-69.0,-84.0,154.0,199.0,-117.0,-103.0,431.0,94.0,9.0,1.0
3,2017-11,2638,92.0,-5.0,438.0,-123.0,70.0,41.0,146.0,27.0,-21.0,69.0,985.0,-865.0,-275.0,16.0,-75.0,-309.0,-518.0,-25.0,118.0,-95.0,197.0,87.0,-81.0,68.0,-235.0,55.0,-138.0,115.0,-47.0,-242.0,63.0,-80.0,136.0,-467.0,-111.0,98.0,-10.0,135.0,91.0,-9.0,-96.0,107.0,166.0,117.0,-69.0,-84.0,154.0,199.0,-117.0,-103.0,431.0,94.0,9.0
3,2017-12,2634,-4.0,92.0,-5.0,438.0,-123.0,70.0,41.0,146.0,27.0,-21.0,69.0,985.0,-865.0,-275.0,16.0,-75.0,-309.0,-518.0,-25.0,118.0,-95.0,197.0,87.0,-81.0,68.0,-235.0,55.0,-138.0,115.0,-47.0,-242.0,63.0,-80.0,136.0,-467.0,-111.0,98.0,-10.0,135.0,91.0,-9.0,-96.0,107.0,166.0,117.0,-69.0,-84.0,154.0,199.0,-117.0,-103.0,431.0,94.0
3,2017-13,2732,98.0,-4.0,92.0,-5.0,438.0,-123.0,70.0,41.0,146.0,27.0,-21.0,69.0,985.0,-865.0,-275.0,16.0,-75.0,-309.0,-518.0,-25.0,118.0,-95.0,197.0,87.0,-81.0,68.0,-235.0,55.0,-138.0,115.0,-47.0,-242.0,63.0,-80.0,136.0,-467.0,-111.0,98.0,-10.0,135.0,91.0,-9.0,-96.0,107.0,166.0,117.0,-69.0,-84.0,154.0,199.0,-117.0,-103.0,431.0
3,2017-14,3061,329.0,98.0,-4.0,92.0,-5.0,438.0,-123.0,70.0,41.0,146.0,27.0,-21.0,69.0,985.0,-865.0,-275.0,16.0,-75.0,-309.0,-518.0,-25.0,118.0,-95.0,197.0,87.0,-81.0,68.0,-235.0,55.0,-138.0,115.0,-47.0,-242.0,63.0,-80.0,136.0,-467.0,-111.0,98.0,-10.0,135.0,91.0,-9.0,-96.0,107.0,166.0,117.0,-69.0,-84.0,154.0,199.0,-117.0,-103.0
3,2017-15,2937,-124.0,329.0,98.0,-4.0,92.0,-5.0,438.0,-123.0,70.0,41.0,146.0,27.0,-21.0,69.0,985.0,-865.0,-275.0,16.0,-75.0,-309.0,-518.0,-25.0,118.0,-95.0,197.0,87.0,-81.0,68.0,-235.0,55.0,-138.0,115.0,-47.0,-242.0,63.0,-80.0,136.0,-467.0,-111.0,98.0,-10.0,135.0,91.0,-9.0,-96.0,107.0,166.0,117.0,-69.0,-84.0,154.0,199.0,-117.0
3,2017-16,3085,148.0,-124.0,329.0,98.0,-4.0,92.0,-5.0,438.0,-123.0,70.0,41.0,146.0,27.0,-21.0,69.0,985.0,-865.0,-275.0,16.0,-75.0,-309.0,-518.0,-25.0,118.0,-95.0,197.0,87.0,-81.0,68.0,-235.0,55.0,-138.0,115.0,-47.0,-242.0,63.0,-80.0,136.0,-467.0,-111.0,98.0,-10.0,135.0,91.0,-9.0,-96.0,107.0,166.0,117.0,-69.0,-84.0,154.0,199.0
3,2017-17,3020,-65.0,148.0,-124.0,329.0,98.0,-4.0,92.0,-5.0,438.0,-123.0,70.0,41.0,146.0,27.0,-21.0,69.0,985.0,-865.0,-275.0,16.0,-75.0,-309.0,-518.0,-25.0,118.0,-95.0,197.0,87.0,-81.0,68.0,-235.0,55.0,-138.0,115.0,-47.0,-242.0,63.0,-80.0,136.0,-467.0,-111.0,98.0,-10.0,135.0,91.0,-9.0,-96.0,107.0,166.0,117.0,-69.0,-84.0,154.0
3,2017-18,3385,365.0,-65.0,148.0,-124.0,329.0,98.0,-4.0,92.0,-5.0,438.0,-123.0,70.0,41.0,146.0,27.0,-21.0,69.0,985.0,-865.0,-275.0,16.0,-75.0,-309.0,-518.0,-25.0,118.0,-95.0,197.0,87.0,-81.0,68.0,-235.0,55.0,-138.0,115.0,-47.0,-242.0,63.0,-80.0,136.0,-467.0,-111.0,98.0,-10.0,135.0,91.0,-9.0,-96.0,107.0,166.0,117.0,-69.0,-84.0
3,2017-19,3182,-203.0,365.0,-65.0,148.0,-124.0,329.0,98.0,-4.0,92.0,-5.0,438.0,-123.0,70.0,41.0,146.0,27.0,-21.0,69.0,985.0,-865.0,-275.0,16.0,-75.0,-309.0,-518.0,-25.0,118.0,-95.0,197.0,87.0,-81.0,68.0,-235.0,55.0,-138.0,115.0,-47.0,-242.0,63.0,-80.0,136.0,-467.0,-111.0,98.0,-10.0,135.0,91.0,-9.0,-96.0,107.0,166.0,117.0,-69.0
3,2017-20,3392,210.0,-203.0,365.0,-65.0,148.0,-124.0,329.0,98.0,-4.0,92.0,-5.0,438.0,-123.0,70.0,41.0,146.0,27.0,-21.0,69.0,985.0,-865.0,-275.0,16.0,-75.0,-309.0,-518.0,-25.0,118.0,-95.0,197.0,87.0,-81.0,68.0,-235.0,55.0,-138.0,115.0,-47.0,-242.0,63.0,-80.0,136.0,-467.0,-111.0,98.0,-10.0,135.0,91.0,-9.0,-96.0,107.0,166.0,117.0
3,2017-21,3265,-127.0,210.0,-203.0,365.0,-65.0,148.0,-124.0,329.0,98.0,-4.0,92.0,-5.0,438.0,-123.0,70.0,41.0,146.0,27.0,-21.0,69.0,985.0,-865.0,-275.0,16.0,-75.0,-309.0,-518.0,-25.0,118.0,-95.0,197.0,87.0,-81.0,68.0,-235.0,55.0,-138.0,115.0,-47.0,-242.0,63.0,-80.0,136.0,-467.0,-111.0,98.0,-10.0,135.0,91.0,-9.0,-96.0,107.0,166.0
3,2017-22,3330,65.0,-127.0,210.0,-203.0,365.0,-65.0,148.0,-124.0,329.0,98.0,-4.0,92.0,-5.0,438.0,-123.0,70.0,41.0,146.0,27.0,-21.0,69.0,985.0,-865.0,-275.0,16.0,-75.0,-309.0,-518.0,-25.0,118.0,-95.0,197.0,87.0,-81.0,68.0,-235.0,55.0,-138.0,115.0,-47.0,-242.0,63.0,-80.0,136.0,-467.0,-111.0,98.0,-10.0,135.0,91.0,-9.0,-96.0,107.0
3,2017-23,3468,138.0,65.0,-127.0,210.0,-203.0,365.0,-65.0,148.0,-124.0,329.0,98.0,-4.0,92.0,-5.0,438.0,-123.0,70.0,41.0,146.0,27.0,-21.0,69.0,985.0,-865.0,-275.0,16.0,-75.0,-309.0,-518.0,-25.0,118.0,-95.0,197.0,87.0,-81.0,68.0,-235.0,55.0,-138.0,115.0,-47.0,-242.0,63.0,-80.0,136.0,-467.0,-111.0,98.0,-10.0,135.0,91.0,-9.0,-96.0
3,2017-24,3428,-40.0,138.0,65.0,-127.0,210.0,-203.0,365.0,-65.0,148.0,-124.0,329.0,98.0,-4.0,92.0,-5.0,438.0,-123.0,70.0,41.0,146.0,27.0,-21.0,69.0,985.0,-865.0,-275.0,16.0,-75.0,-309.0,-518.0,-25.0,118.0,-95.0,197.0,87.0,-81.0,68.0,-235.0,55.0,-138.0,115.0,-47.0,-242.0,63.0,-80.0,136.0,-467.0,-111.0,98.0,-10.0,135.0,91.0,-9.0
3,2017-25,3501,73.0,-40.0,138.0,65.0,-127.0,210.0,-203.0,365.0,-65.0,148.0,-124.0,329.0,98.0,-4.0,92.0,-5.0,438.0,-123.0,70.0,41.0,146.0,27.0,-21.0,69.0,985.0,-865.0,-275.0,16.0,-75.0,-309.0,-518.0,-25.0,118.0,-95.0,197.0,87.0,-81.0,68.0,-235.0,55.0,-138.0,115.0,-47.0,-242.0,63.0,-80.0,136.0,-467.0,-111.0,98.0,-10.0,135.0,91.0
3,2017-26,3474,-27.0,73.0,-40.0,138.0,65.0,-127.0,210.0,-203.0,365.0,-65.0,148.0,-124.0,329.0,98.0,-4.0,92.0,-5.0,438.0,-123.0,70.0,41.0,146.0,27.0,-21.0,69.0,985.0,-865.0,-275.0,16.0,-75.0,-309.0,-518.0,-25.0,118.0,-95.0,197.0,87.0,-81.0,68.0,-235.0,55.0,-138.0,115.0,-47.0,-242.0,63.0,-80.0,136.0,-467.0,-111.0,98.0,-10.0,135.0
3,2017-27,3797,323.0,-27.0,73.0,-40.0,138.0,65.0,-127.0,210.0,-203.0,365.0,-65.0,148.0,-124.0,329.0,98.0,-4.0,92.0,-5.0,438.0,-123.0,70.0,41.0,146.0,27.0,-21.0,69.0,985.0,-865.0,-275.0,16.0,-75.0,-309.0,-518.0,-25.0,118.0,-95.0,197.0,87.0,-81.0,68.0,-235.0,55.0,-138.0,115.0,-47.0,-242.0,63.0,-80.0,136.0,-467.0,-111.0,98.0,-10.0
3,2017-28,3745,-52.0,323.0,-27.0,73.0,-40.0,138.0,65.0,-127.0,210.0,-203.0,365.0,-65.0,148.0,-124.0,329.0,98.0,-4.0,92.0,-5.0,438.0,-123.0,70.0,41.0,146.0,27.0,-21.0,69.0,985.0,-865.0,-275.0,16.0,-75.0,-309.0,-518.0,-25.0,118.0,-95.0,197.0,87.0,-81.0,68.0,-235.0,55.0,-138.0,115.0,-47.0,-242.0,63.0,-80.0,136.0,-467.0,-111.0,98.0
3,2017-29,3708,-37.0,-52.0,323.0,-27.0,73.0,-40.0,138.0,65.0,-127.0,210.0,-203.0,365.0,-65.0,148.0,-124.0,329.0,98.0,-4.0,92.0,-5.0,438.0,-123.0,70.0,41.0,146.0,27.0,-21.0,69.0,985.0,-865.0,-275.0,16.0,-75.0,-309.0,-518.0,-25.0,118.0,-95.0,197.0,87.0,-81.0,68.0,-235.0,55.0,-138.0,115.0,-47.0,-242.0,63.0,-80.0,136.0,-467.0,-111.0
3,2017-30,3709,1.0,-37.0,-52.0,323.0,-27.0,73.0,-40.0,138.0,65.0,-127.0,210.0,-203.0,365.0,-65.0,148.0,-124.0,329.0,98.0,-4.0,92.0,-5.0,438.0,-123.0,70.0,41.0,146.0,27.0,-21.0,69.0,985.0,-865.0,-275.0,16.0,-75.0,-309.0,-518.0,-25.0,118.0,-95.0,197.0,87.0,-81.0,68.0,-235.0,55.0,-138.0,115.0,-47.0,-242.0,63.0,-80.0,136.0,-467.0
3,2017-31,3200,-509.0,1.0,-37.0,-52.0,323.0,-27.0,73.0,-40.0,138.0,65.0,-127.0,210.0,-203.0,365.0,-65.0,148.0,-124.0,329.0,98.0,-4.0,92.0,-5.0,438.0,-123.0,70.0,41.0,146.0,27.0,-21.0,69.0,985.0,-865.0,-275.0,16.0,-75.0,-309.0,-518.0,-25.0,118.0,-95.0,197.0,87.0,-81.0,68.0,-235.0,55.0,-138.0,115.0,-47.0,-242.0,63.0,-80.0,136.0
3,2017-32,3268,68.0,-509.0,1.0,-37.0,-52.0,323.0,-27.0,73.0,-40.0,138.0,65.0,-127.0,210.0,-203.0,365.0,-65.0,148.0,-124.0,329.0,98.0,-4.0,92.0,-5.0,438.0,-123.0,70.0,41.0,146.0,27.0,-21.0,69.0,985.0,-865.0,-275.0,16.0,-75.0,-309.0,-518.0,-25.0,118.0,-95.0,197.0,87.0,-81.0,68.0,-235.0,55.0,-138.0,115.0,-47.0,-242.0,63.0,-80.0
3,2017-33,3385,117.0,68.0,-509.0,1.0,-37.0,-52.0,323.0,-27.0,73.0,-40.0,138.0,65.0,-127.0,210.0,-203.0,365.0,-65.0,148.0,-124.0,329.0,98.0,-4.0,92.0,-5.0,438.0,-123.0,70.0,41.0,146.0,27.0,-21.0,69.0,985.0,-865.0,-275.0,16.0,-75.0,-309.0,-518.0,-25.0,118.0,-95.0,197.0,87.0,-81.0,68.0,-235.0,55.0,-138.0,115.0,-47.0,-242.0,63.0
3,2017-34,3353,-32.0,117.0,68.0,-509.0,1.0,-37.0,-52.0,323.0,-27.0,73.0,-40.0,138.0,65.0,-127.0,210.0,-203.0,365.0,-65.0,148.0,-124.0,329.0,98.0,-4.0,92.0,-5.0,438.0,-123.0,70.0,41.0,146.0,27.0,-21.0,69.0,985.0,-865.0,-275.0,16.0,-75.0,-309.0,-518.0,-25.0,118.0,-95.0,197.0,87.0,-81.0,68.0,-235.0,55.0,-138.0,115.0,-47.0,-242.0
3,2017-35,3146,-207.0,-32.0,117.0,68.0,-509.0,1.0,-37.0,-52.0,323.0,-27.0,73.0,-40.0,138.0,65.0,-127.0,210.0,-203.0,365.0,-65.0,148.0,-124.0,329.0,98.0,-4.0,92.0,-5.0,438.0,-123.0,70.0,41.0,146.0,27.0,-21.0,69.0,985.0,-865.0,-275.0,16.0,-75.0,-309.0,-518.0,-25.0,118.0,-95.0,197.0,87.0,-81.0,68.0,-235.0,55.0,-138.0,115.0,-47.0
3,2017-36,3030,-116.0,-207.0,-32.0,117.0,68.0,-509.0,1.0,-37.0,-52.0,323.0,-27.0,73.0,-40.0,138.0,65.0,-127.0,210.0,-203.0,365.0,-65.0,148.0,-124.0,329.0,98.0,-4.0,92.0,-5.0,438.0,-123.0,70.0,41.0,146.0,27.0,-21.0,69.0,985.0,-865.0,-275.0,16.0,-75.0,-309.0,-518.0,-25.0,118.0,-95.0,197.0,87.0,-81.0,68.0,-235.0,55.0,-138.0,115.0
3,2017-37,3034,4.0,-116.0,-207.0,-32.0,117.0,68.0,-509.0,1.0,-37.0,-52.0,323.0,-27.0,73.0,-40.0,138.0,65.0,-127.0,210.0,-203.0,365.0,-65.0,148.0,-124.0,329.0,98.0,-4.0,92.0,-5.0,438.0,-123.0,70.0,41.0,146.0,27.0,-21.0,69.0,985.0,-865.0,-275.0,16.0,-75.0,-309.0,-518.0,-25.0,118.0,-95.0,197.0,87.0,-81.0,68.0,-235.0,55.0,-138.0
3,2017-38,3036,2.0,4.0,-116.0,-207.0,-32.0,117.0,68.0,-509.0,1.0,-37.0,-52.0,323.0,-27.0,73.0,-40.0,138.0,65.0,-127.0,210.0,-203.0,365.0,-65.0,148.0,-124.0,329.0,98.0,-4.0,92.0,-5.0,438.0,-123.0,70.0,41.0,146.0,27.0,-21.0,69.0,985.0,-865.0,-275.0,16.0,-75.0,-309.0,-518.0,-25.0,118.0,-95.0,197.0,87.0,-81.0,68.0,-235.0,55.0
3,2017-39,2902,-134.0,2.0,4.0,-116.0,-207.0,-32.0,117.0,68.0,-509.0,1.0,-37.0,-52.0,323.0,-27.0,73.0,-40.0,138.0,65.0,-127.0,210.0,-203.0,365.0,-65.0,148.0,-124.0,329.0,98.0,-4.0,92.0,-5.0,438.0,-123.0,70.0,41.0,146.0,27.0,-21.0,69.0,985.0,-865.0,-275.0,16.0,-75.0,-309.0,-518.0,-25.0,118.0,-95.0,197.0,87.0,-81.0,68.0,-235.0
3,2017-40,2760,-142.0,-134.0,2.0,4.0,-116.0,-207.0,-32.0,117.0,68.0,-509.0,1.0,-37.0,-52.0,323.0,-27.0,73.0,-40.0,138.0,65.0,-127.0,210.0,-203.0,365.0,-65.0,148.0,-124.0,329.0,98.0,-4.0,92.0,-5.0,438.0,-123.0,70.0,41.0,146.0,27.0,-21.0,69.0,985.0,-865.0,-275.0,16.0,-75.0,-309.0,-518.0,-25.0,118.0,-95.0,197.0,87.0,-81.0,68.0
3,2017-41,2835,75.0,-142.0,-134.0,2.0,4.0,-116.0,-207.0,-32.0,117.0,68.0,-509.0,1.0,-37.0,-52.0,323.0,-27.0,73.0,-40.0,138.0,65.0,-127.0,210.0,-203.0,365.0,-65.0,148.0,-124.0,329.0,98.0,-4.0,92.0,-5.0,438.0,-123.0,70.0,41.0,146.0,27.0,-21.0,69.0,985.0,-865.0,-275.0,16.0,-75.0,-309.0,-518.0,-25.0,118.0,-95.0,197.0,87.0,-81.0
3,2017-42,2882,47.0,75.0,-142.0,-134.0,2.0,4.0,-116.0,-207.0,-32.0,117.0,68.0,-509.0,1.0,-37.0,-52.0,323.0,-27.0,73.0,-40.0,138.0,65.0,-127.0,210.0,-203.0,365.0,-65.0,148.0,-124.0,329.0,98.0,-4.0,92.0,-5.0,438.0,-123.0,70.0,41.0,146.0,27.0,-21.0,69.0,985.0,-865.0,-275.0,16.0,-75.0,-309.0,-518.0,-25.0,118.0,-95.0,197.0,87.0
3,2017-43,2766,-116.0,47.0,75.0,-142.0,-134.0,2.0,4.0,-116.0,-207.0,-32.0,117.0,68.0,-509.0,1.0,-37.0,-52.0,323.0,-27.0,73.0,-40.0,138.0,65.0,-127.0,210.0,-203.0,365.0,-65.0,148.0,-124.0,329.0,98.0,-4.0,92.0,-5.0,438.0,-123.0,70.0,41.0,146.0,27.0,-21.0,69.0,985.0,-865.0,-275.0,16.0,-75.0,-309.0,-518.0,-25.0,118.0,-95.0,197.0
3,2017-44,3031,265.0,-116.0,47.0,75.0,-142.0,-134.0,2.0,4.0,-116.0,-207.0,-32.0,117.0,68.0,-509.0,1.0,-37.0,-52.0,323.0,-27.0,73.0,-40.0,138.0,65.0,-127.0,210.0,-203.0,365.0,-65.0,148.0,-124.0,329.0,98.0,-4.0,92.0,-5.0,438.0,-123.0,70.0,41.0,146.0,27.0,-21.0,69.0,985.0,-865.0,-275.0,16.0,-75.0,-309.0,-518.0,-25.0,118.0,-95.0
3,2017-45,3141,110.0,265.0,-116.0,47.0,75.0,-142.0,-134.0,2.0,4.0,-116.0,-207.0,-32.0,117.0,68.0,-509.0,1.0,-37.0,-52.0,323.0,-27.0,73.0,-40.0,138.0,65.0,-127.0,210.0,-203.0,365.0,-65.0,148.0,-124.0,329.0,98.0,-4.0,92.0,-5.0,438.0,-123.0,70.0,41.0,146.0,27.0,-21.0,69.0,985.0,-865.0,-275.0,16.0,-75.0,-309.0,-518.0,-25.0,118.0
3,2017-46,3139,-2.0,110.0,265.0,-116.0,47.0,75.0,-142.0,-134.0,2.0,4.0,-116.0,-207.0,-32.0,117.0,68.0,-509.0,1.0,-37.0,-52.0,323.0,-27.0,73.0,-40.0,138.0,65.0,-127.0,210.0,-203.0,365.0,-65.0,148.0,-124.0,329.0,98.0,-4.0,92.0,-5.0,438.0,-123.0,70.0,41.0,146.0,27.0,-21.0,69.0,985.0,-865.0,-275.0,16.0,-75.0,-309.0,-518.0,-25.0
3,2017-47,3062,-77.0,-2.0,110.0,265.0,-116.0,47.0,75.0,-142.0,-134.0,2.0,4.0,-116.0,-207.0,-32.0,117.0,68.0,-509.0,1.0,-37.0,-52.0,323.0,-27.0,73.0,-40.0,138.0,65.0,-127.0,210.0,-203.0,365.0,-65.0,148.0,-124.0,329.0,98.0,-4.0,92.0,-5.0,438.0,-123.0,70.0,41.0,146.0,27.0,-21.0,69.0,985.0,-865.0,-275.0,16.0,-75.0,-309.0,-518.0
3,2017-48,2603,-459.0,-77.0,-2.0,110.0,265.0,-116.0,47.0,75.0,-142.0,-134.0,2.0,4.0,-116.0,-207.0,-32.0,117.0,68.0,-509.0,1.0,-37.0,-52.0,323.0,-27.0,73.0,-40.0,138.0,65.0,-127.0,210.0,-203.0,365.0,-65.0,148.0,-124.0,329.0,98.0,-4.0,92.0,-5.0,438.0,-123.0,70.0,41.0,146.0,27.0,-21.0,69.0,985.0,-865.0,-275.0,16.0,-75.0,-309.0
3,2017-49,2183,-420.0,-459.0,-77.0,-2.0,110.0,265.0,-116.0,47.0,75.0,-142.0,-134.0,2.0,4.0,-116.0,-207.0,-32.0,117.0,68.0,-509.0,1.0,-37.0,-52.0,323.0,-27.0,73.0,-40.0,138.0,65.0,-127.0,210.0,-203.0,365.0,-65.0,148.0,-124.0,329.0,98.0,-4.0,92.0,-5.0,438.0,-123.0,70.0,41.0,146.0,27.0,-21.0,69.0,985.0,-865.0,-275.0,16.0,-75.0
3,2017-50,2230,47.0,-420.0,-459.0,-77.0,-2.0,110.0,265.0,-116.0,47.0,75.0,-142.0,-134.0,2.0,4.0,-116.0,-207.0,-32.0,117.0,68.0,-509.0,1.0,-37.0,-52.0,323.0,-27.0,73.0,-40.0,138.0,65.0,-127.0,210.0,-203.0,365.0,-65.0,148.0,-124.0,329.0,98.0,-4.0,92.0,-5.0,438.0,-123.0,70.0,41.0,146.0,27.0,-21.0,69.0,985.0,-865.0,-275.0,16.0
3,2017-51,2216,-14.0,47.0,-420.0,-459.0,-77.0,-2.0,110.0,265.0,-116.0,47.0,75.0,-142.0,-134.0,2.0,4.0,-116.0,-207.0,-32.0,117.0,68.0,-509.0,1.0,-37.0,-52.0,323.0,-27.0,73.0,-40.0,138.0,65.0,-127.0,210.0,-203.0,365.0,-65.0,148.0,-124.0,329.0,98.0,-4.0,92.0,-5.0,438.0,-123.0,70.0,41.0,146.0,27.0,-21.0,69.0,985.0,-865.0,-275.0
3,2017-52,2564,348.0,-14.0,47.0,-420.0,-459.0,-77.0,-2.0,110.0,265.0,-116.0,47.0,75.0,-142.0,-134.0,2.0,4.0,-116.0,-207.0,-32.0,117.0,68.0,-509.0,1.0,-37.0,-52.0,323.0,-27.0,73.0,-40.0,138.0,65.0,-127.0,210.0,-203.0,365.0,-65.0,148.0,-124.0,329.0,98.0,-4.0,92.0,-5.0,438.0,-123.0,70.0,41.0,146.0,27.0,-21.0,69.0,985.0,-865.0
